3214 5314
442 393 527 450 Liber
544 393 659 462 primus.
696 365 799 448 Sehura
816 391 865 447 IV.

176 587 242 633 non
264 565 350 632 oedit
371 566 517 646 Veiento,
542 563 601 629 sed
623 570 659 628 ut
680 563 842 630 ianafious
866 571 972 631 oestro

173 695 359 762 peroussus,
383 676 529 758 Bellona,
554 682 608 740 luo
632 675 759 741 divinat
780 683 812 741 et
833 669 960 760 ‘ingens

86 798 150 853 125
177 809 272 856 omen
294 782 405 854 habes'
425 789 532 870 inquit
553 781 673 870 ‘magni
696 789 840 868 olarique
862 787 1024 871 triumphi.

175 921 288 984 regem
311 901 453 982 aliquem
475 901 595 983 oapies,
619 906 675 966 aut
698 898 739 965 de
761 906 888 965 temone
910 899 1066 965 Britanno

179 1013 309 1098 excidet
329 1010 517 1095 Aruiragus.
562 1011 736 1094 peregrina
759 1017 809 1075 esi
830 1011 937 1092 belua,
961 1011 1067 1076 uernis

178 1131 302 1190 ereetas
324 1124 358 1188 in
381 1129 475 1206 terga
497 1115 632 1188 sudes‘.>²
674 1122 735 1188 hoo
757 1121 860 1190 defuit
882 1141 981 1187 unum

176 1236 336 1317 Fabrioio,
359 1235 500 1318 patriam
522 1240 557 1300 ut
578 1233 704 1299 rhombi
727 1239 919 1299 memoraret
941 1241 975 1300 et
997 1252 1107 1300 annos.

89 1355 153 1412 130
178 1341 344 1430 ‘quidnam
367 1347 466 1428 igilur
488 1345 626 1410 oenses?
650 1338 866 1411 oonoiditur?²
887 1339 982 1412 ‘absit
1004 1347 1045 1412 ab
1067 1345 1124 1411 illo

179 1458 322 1525 dedeeus
343 1451 415 1523 hoo'
435 1457 608 1522 Montanus
630 1457 677 1523 ait
698 1450 793 1522 ‘testa
816 1459 883 1523 alta
904 1464 1045 1544 paretur,

178 1590 263 1653 quae
284 1569 374 1636 tenui
396 1588 486 1634 muro
509 1569 686 1652 spatiosum
709 1568 842 1650 oolligat
864 1569 981 1634 orbem.

177 1681 313 1748 debetur
335 1698 472 1764 magnus
494 1680 625 1764 patinae
648 1681 838 1763 subitusque
860 1680 1081 1746 Prometheus.

178 1793 329 1877 argillam
352 1798 449 1874 atque
471 1797 574 1857 rotam
596 1792 692 1857 eitius
713 1799 886 1876 properate
909 1842 916 1874 ,
941 1792 999 1858 sed
1022 1812 1062 1857 ex
1084 1792 1145 1858 hoo

90 1912 154 1969 135
178 1911 323 1988 tempore
344 1904 418 1984 iam,
443 1902 574 1986 Caesar,
597 1903 687 1986 figuli
711 1910 767 1969 tua
789 1909 896 1970 eastra
918 1896 1111 1986 sequantur'.

199 2086 255 2136 128.
291 2082 375 2152 Verg.
389 2081 423 2137 A.
437 2083 495 2136 XII
508 2085 557 2135 613
576 2083 607 2138 id
624 2084 708 2140 rebus
725 2081 817 2139 defuit
834 2100 927 2138 unum.

93 2191 296 2201 ————

164 2239 221 2289 123.
257 2236 303 2290 sed
327 2241 357 2290 ut
373 2237 516 2309 fanaticae
538 2241 623 2290 oestro
642 2239 793 2305 Peenameus,
812 2235 939 2305 Bellona,
959 2243 1004 2291 luo
1021 2239 1132 2293 divinat.
1169 2240 1224 2295 Die

90 2323 218 2378 Priester
244 2323 304 2377 und
324 2323 535 2379 Priesterinnen
557 2322 607 2378 der
628 2339 685 2378 von
709 2324 764 2378 den
786 2323 909 2380 Romam
926 2323 1044 2379 Bellona
1065 2330 1226 2394 genannteu

91 2409 196 2464 Gottin
219 2422 276 2464 von
294 2407 418 2464 Comana
441 2409 471 2463 in
488 2408 690 2478 Cappadoeien
709 2409 835 2474 (fanatici
854 2410 890 2464 ah
909 2410 979 2464 aede
996 2409 1142 2476 Bellonae;
1168 2413 1224 2480 vgl.

92 2497 117 2561 6,
136 2496 187 2546 512
205 2493 324 2550 furentis
341 2494 476 2550 Bellonae
492 2496 646 2564 matrisque
665 2495 747 2549 deum
765 2495 874 2558 ohorus)
893 2497 1063 2564 weissagten
1081 2498 1127 2552 hei
1147 2495 1226 2552 ihsan

91 2581 240 2649 Umuiigen
264 2580 294 2634 in
319 2580 368 2635 der
391 2581 510 2648 Extase,
535 2580 596 2635 eioh
619 2580 672 2634 mit
688 2579 897 2647 Doppelbeilen
918 2582 1116 2637 rerwundend.
1152 2584 1224 2637 Eine

91 2666 261 2732 Priesterin,
285 2666 332 2720 die
354 2667 500 2736 weissagt,
521 2666 571 2721 ubi
588 2664 722 2720 Bellonae
746 2671 824 2720 motu
848 2671 892 2720 est
913 2667 1033 2734 agitata,
1057 2682 1110 2722 nee
1134 2683 1226 2723 aorem

91 2752 259 2818 Flammam,
283 2767 341 2805 non
364 2767 459 2807 amens
481 2752 600 2807 verbera
621 2757 683 2806 tota
703 2751 785 2806 timet
803 2791 808 2803 .
823 2791 848 2803 ..
867 2757 897 2807 et
914 2753 992 2808 osuit
1009 2759 1135 2820 eventus,
1154 2768 1225 2821 quos

93 2838 149 2892 dee
166 2852 270 2905 magna
286 2842 382 2892 monet
398 2836 501 2893 Tibull.
514 2837 529 2890 Ι
541 2839 565 2903 6,
577 2839 619 2888 13.

167 2924 224 2974 126.
260 2922 291 2976 de
318 2926 418 2976 aonam
439 2923 576 2976 Britanno
593 2922 709 2976 Eaesdel
726 2922 886 2992 Aruiraque,
909 2923 974 2978 weil
997 2924 1043 2979 die
1065 2923 1225 2980 Britannier

94 3007 148 3064 aui
165 3009 370 3076 Kriegswageu
391 3009 507 3073 (esseda)
529 3000 681 3078 kdmpften.
716 3007 782 3063 Tae.
802 3007 869 3077 Agr.
890 3011 921 3060 12
940 3010 1079 3077 quaedam
1095 3011 1227 3066 nationes

94 3101 125 3149 et
143 3109 228 3148 eurru
245 3093 426 3161 proeliantur.
461 3094 564 3150 Caesar
580 3095 611 3147 Β.
625 3094 765 3160 (111714,
780 3096 791 3145 1
812 3094 971 3161 essedariis,
990 3111 1047 3163 quo
1064 3094 1227 3165 plerumque

94 3194 200 3249 genere
228 3179 258 3233 in
279 3179 397 3247 proeliis
419 3181 462 3235 uti
484 3187 668 3247 eonsuerunt3
698 3183 729 3232 33
752 3185 862 3236 tantum
885 3196 939 3235 usu
961 3181 1107 3236 cotidiano
1129 3187 1158 3236 et
1180 3196 1227 3236 ex·

94 3265 266 3321 eroitatioue
284 3263 418 3333 efficiunt,
436 3266 479 3320 uti
493 3294 523 3305 -
537 3282 587 3334 per
598 3273 737 3322 temonem
754 3281 916 3336 pereurrere
933 3273 962 3322 et
973 3267 1004 3321 in
1016 3266 1084 3336 iugo
1097 3268 1227 3323 insistere

95 3359 125 3407 et
143 3367 175 3406 se
193 3351 260 3406 inde
278 3351 310 3404 iu
327 3367 424 3406 eurrus
443 3351 579 3407 citissime
596 3353 722 3419 reeipere
741 3353 911 3408 consuerint.

166 3437 222 3491 Die
235 3436 328 3503 Stella,
348 3437 425 3492 eitiri
439 3436 487 3491 bei
499 3436 630 3508 Geoffrey
642 3437 676 3492 of
682 3437 846 3493 Monmouth
858 3438 900 3492 IV
913 3439 953 3505 16,
972 3439 1010 3493 ist
1022 3437 1228 3506 Shakespeures

96 3521 197 3587 Quelle
215 3521 259 3576 fiir
278 3522 332 3577 don
349 3523 457 3578 Namen
474 3521 630 3591 Aruiragus
648 3524 679 3578 in
696 3522 867 3593 (lymbelins.

170 3611 226 3660 128.
262 3609 346 3660 eodm.
383 3608 473 3663 Sudor
492 3609 596 3664 densae
609 3610 731 3674 Dounon,
750 3609 832 3663 Prud.
849 3608 954 3678 Apoth.
972 3612 1004 3660 59
1023 3610 1107 3664 sudes
1126 3623 1228 3664 saxeae

96 3695 281 3762 Felsspituen,
298 3692 384 3761 Apul.
401 3695 466 3750 hiet.
479 3694 536 3749 VII
551 3696 590 3746 11.

166 3780 215 3832 hoo
233 3779 322 3851 defuit
339 3798 421 3833 uuam
438 3779 572 3833 Fabricio.
605 3779 711 3835 Seneca
728 3779 849 3835 Consul
863 3782 915 3847 2,2
933 3779 964 3835 id
982 3781 1056 3834 euim
1075 3780 1179 3846 deerat,
1197 3785 1230 3835 ut

97 3866 204 3934 templa
220 3866 387 3934 reoiperent,
406 3882 476 3935 quas
495 3871 544 3921 aut
562 3882 657 3922 earosr
675 3871 724 3920 out
735 3865 854 3934 lupanar
866 3865 963 3932 eieeit;
981 3866 1037 3934 vgl.
1051 3867 1138 3932 13,l;
1153 3864 1229 3931 11,5

99 3952 158 4007 und
175 3951 318 4007 Ruhnken
335 3951 435 4007 Vellei.
454 3953 538 4018 1126,
552 3954 575 4004 2.

170 4039 226 4090 1311.
263 4037 432 4092 conciditur?
459 4038 550 4093 Ueber
569 4038 624 4092 den
642 4036 794 4102 Indioativ,
812 4053 857 4091 wo
877 4041 963 4102 (sonet
974 4037 1005 4091 in
1018 4036 1067 4091 der
1081 4038 1102 4088 1.
1115 4036 1228 4100 Person)

99 4122 210 4192 geiragt
227 4124 306 4190 wird,
325 4140 383 4179 was
401 4140 465 4178 man
482 4123 552 4179 ihun
570 4122 630 4189 soll,
650 4140 684 4177 uu
702 4125 725 4189 3,
740 4123 797 4174 296.

171 4210 228 4262 133.
265 4208 436 4262 I’rorneiheaa
454 4226 489 4264 uu
509 4212 531 4276 1,
544 4210 585 4260 60.
620 4209 692 4263 Eine
716 4208 852 4263 thonome
870 4206 1002 4263 Sehiissel
1025 4206 1069 4262 liin
1088 4208 1134 4262 ein
1151 4206 1230 4262 kost-

100 4295 182 4350 bares
200 4293 316 4350 Gerioht
333 4295 405 4349 aueh
425 4296 510 4362 11,19
529 4293 666 4363 (gulosum
683 4293 801 4359 Fietile).

172 4381 227 4432 135.
264 4385 352 4435 caetra
380 4380 430 4435 das
456 4380 626 4435 kaisorliehe
653 4379 803 4449 Hoilager,
832 4378 991 4436 Hirschfeld
1007 4379 1067 4435 VG.
1088 4382 1228 4433 lile—200.
