3260 5314
371 437 434 501 334
777 432 921 488 Iuvenalis
938 439 1095 489 saturarum

456 604 594 672 callidus
617 612 649 671 et
672 606 788 671 cristae
812 605 931 689 digitos
953 606 1107 690 inpressit
1128 607 1247 691 aliptes

456 737 495 783 ac
518 736 676 783 summum
699 717 850 783 dominae
873 717 978 782 femur
1001 717 1184 783 exclamare
1208 720 1324 802 coegit.

456 830 613 894 convivae
635 829 746 894 miseri
767 829 893 894 interea
915 847 1091 912 somnoque
1115 829 1265 912 fameque

371 948 431 1004 425
455 948 640 1024 urguentur.
686 940 817 1006 tandem
839 940 898 1005 illa
919 940 1009 1008 22212
1031 940 1253 1022 rubicundula‚
1278 948 1381 1006 totum

438 1167 497 1218 422.
533 1163 628 1234 arepto
646 1164 696 1219 der
713 1162 851 1234 Gymnast
868 1163 1076 1232 aequassem,
1094 1165 1148 1218 Prl.
1164 1167 1220 1231 145,
1233 1166 1257 1216 9,
1286 1164 1448 1220 11222121
1466 1166 1508 1221 Et

369 1253 446 1321 putri
463 1251 604 1306 lutulenta
622 1250 657 1306 de
675 1249 816 1318 palaestra
837 1249 922 1304 Uncti
946 1249 1062 1306 verbere
1080 1248 1198 1318 vapulat
1220 1249 1357 1319 magistri.
1395 1250 1508 1307 Seneca

369 1338 440 1407 Epp.
455 1339 522 1404 56,1
543 1353 628 1406 supra
646 1336 739 1405 ipsum
755 1334 888 1391 balneum
910 1335 1008 1392 habito
1032 1365 1068 1375 —
1094 1352 1157 1391 oum
1180 1334 1312 1391 fortiores
1337 1341 1507 1392 exercentur

370 1430 400 1480 et
416 1439 515 1479 manus
532 1422 648 1492 plumbo
666 1436 767 1490 222222
785 1421 944 1476 iactant-
960 1422 1084 1488 gemitus
1102 1421 1189 1476 audio
1206 1450 1241 1458 —
1259 1437 1323 1476 cum
1336 1423 1367 1476 in
1379 1422 1506 1491 aliquem

370 1510 488 1565 inertem
506 1515 535 1565 22
552 1508 605 1563 hac
623 1507 736 1576 plebeia
754 1506 889 1562 22221222
908 1512 1071 1563 contentum
1089 1507 1187 1573 incidi,
1206 1507 1293 1562 audio
1306 1509 1447 1577 crepitum
1460 1510 1505 1563 in-

368 1594 440 1651 11222
462 1610 561 1649 manns
582 1594 718 1661 humeris,
746 1607 818 1663 qnae
841 1599 927 1662 prout
949 1593 1034 1662 plana
1060 1593 1191 1661 pervenit
1217 1599 1267 1648 aut
1291 1609 1433 1662 concava,
1460 1594 1505 1650 122

368 1697 469 1736 sonum
485 1685 582 1736 mutat.

435 1769 512 1818 423..
530 1767 676 1820 acclamare
704 1781 768 1820 vom
794 1765 894 1820 Tbnen
920 1764 1042 1820 lebloser
1066 1765 1160 1832 Dinge
1185 1763 1255 1820 Stat.
1277 1764 1365 1820 Theb.
1385 1765 1427 1821 VI
1451 1769 1504 1818 202

369 1853 429 1908 Iam
446 1852 508 1909 face
526 1852 655 1908 subiecta
673 1852 771 1920 primis
784 1851 814 1905 in
825 1850 973 1906 frondibus
985 1850 1061 1920 ignis
1073 1850 1227 1905 Exclamat.
1241 1850 1268 1904 X
1280 1853 1330 1902 263
1349 1853 1392 1907 Ne
1403 1853 1503 1922 222212

369 1938 507 1994 exclamet
524 1943 623 2007 portae
640 1937 766 2006 mugitus
784 1937 898 1992 ahenae.

436 2027 528 2081 42422.
566 2023 774 2079 Sohwitrbttder
799 2023 916 2078 wurden
942 2022 1022 2078 nioht
1047 2022 1124 2079 bloss
1154 2039 1203 2078 nur
1233 2024 1420 2092 angeblichen
1448 2026 1503 2078 Be-

368 2109 523 2178 1621122222
549 2109 599 2164 der
622 2108 797 2178 Verdauung
824 2112 1181 2178 2222221221221,144),
1208 2109 1332 2165 sondern
1354 2110 1427 2165 auch
1452 2127 1504 2165 nur

368 2198 516 2266 Erregung
534 2195 584 2250 des
602 2196 732 2263 Durstes;
754 2193 867 2249 woranf
886 2211 951 2249 man
968 2211 1066 2264 grosse
1085 2193 1271 2260 Quantit'dten
1287 2212 1346 2251 222
1363 2195 1448 2252 Wein
1465 2213 1503 2250 nu

368 2282 429 2338 sich
447 2281 537 2347 nahm,
557 2281 604 2337 die
617 2283 676 2346 (vor
688 2281 860 2345 (1221112222)
874 2281 961 2336 durch
973 2281 1109 2337 Vomiren
1120 2280 1227 2335 wieder
1243 2281 1364 2338 entleert
1375 2283 1501 2338 wurden.

369 2368 502 2424 Columl
520 2382 560 2435 pr.
576 2369 607 2419 16
625 2373 658 2422 22
673 2368 734 2435 apti
751 2366 899 2422 veniamus
921 2366 958 2421 ad
979 2383 1093 2436 ganeas,
1118 2367 1314 2437 quotidianam
1331 2368 1503 2424 cruditatem

367 2454 519 2510 Laconicis
543 2453 727 2521 excoquimus
750 2458 779 2508 22
805 2457 924 2508 2222222
947 2452 1050 2508 sudore
1075 2454 1152 2509 sitim
1174 2453 1342 2523 quaerimus.
1392 2453 1504 2510 Seneca

367 2542 438 2609 Epp.
454 2543 492 2607 15,
506 2541 521 2590 3
540 2538 610 2594 tiber
628 2538 679 2593 das
695 2537 793 2594 bibere
811 2544 841 2593 22
858 2538 959 2594 sudare
977 2538 1026 2593 der
1043 2537 1179 2596 Athleten
1195 2556 1222 2594 n.
1238 2541 1294 2606 122,
1308 2542 1324 2592 6
1342 2539 1431 2606 (12222,
1450 2541 1502 2610 qui

368 2627 458 2682 ieiuni
476 2624 589 2692 bibunt,
613 2626 662 2694 qui
679 2625 777 2679 vinum
794 2624 938 2693 recipiunt
956 2625 1088 2682 inanibus
1105 2626 1186 2680 22212
1204 2625 1288 2681 etad
1310 2626 1406 2681 cibum
1428 2626 1502 2682 ebrii

366 2717 515 2768 transeunt
532 2715 586 2767 eto.
621 2709 776 2765 Ρ112.11.1(.
790 2710 861 2765 XIV
875 2712 923 2762 139
948 2711 1127 2766 cautissimos
1151 2726 1186 2765 ex
1208 2711 1245 2766 iis
1267 2712 1390 2767 balineis
1414 2714 1502 2782 coqui

368 2799 496 2856 videmus
520 2797 714 2865 exanimisque
738 2795 843 2862 efferri,
868 2796 924 2850 iam
941 2812 1010 2853 vero
1028 2795 1101 2851 alios
1125 2796 1231 2851 lectum
1254 2805 1421 2866 exspectare
1443 2815 1502 2853 non

368 2899 459 2955 posse,
478 2884 562 2939 immo
580 2898 648 2939 vero
666 2897 719 2937 neo
737 2883 870 2951 tunicam,
889 2883 1037 2951 nudosque
1054 2881 1096 2937 ibi
1114 2882 1244 2951 protinus
1262 2888 1292 2938 22
1315 2883 1432 2938 anhelos
1457 2885 1503 2938 in·

367 2972 465 3040 222212
481 2985 552 3024 2222
568 2969 724 3037 conripere,
747 2968 825 3023 velut
847 2968 884 3023 ad
906 2969 1125 3024 ostentationem
1147 2969 1266 3034 virium,
1293 2985 1326 3024 ao
1350 2970 1434 3038 plene
1457 2971 1502 3025 in-

367 3056 492 3123 fundere,
510 3054 657 3110 utstatim
674 3058 789 3109 vomant
805 3070 958 3123 rursusque
975 3054 1121 3121 hauriant;
1147 3053 1233 3123 idque
1251 3055 1354 3109 iterum
1372 3057 1501 3111 tertium·

367 3158 422 3213 que
439 3146 582 3210 tamquam
599 3140 636 3195 ad
654 3139 798 3208 perdenda
816 3140 883 3194 2122
901 3140 1000 3208 222121,
1025 3145 1054 3196 22
1070 3147 1212 3210 tamqnam
1235 3140 1341 3195 effundi
1365 3142 1419 3196 illa
1442 3158 1501 3196 non

366 3228 480 3296 possint
496 3226 553 3281 nisi
570 3240 621 3294 per
645 3241 748 3294 corpus
769 3225 927 3281 humanum.
968 3225 1071 3281 Athen.
1084 3226 1165 3282 XV2
1185 3226 1210 3280 ol
1228 3225 1278 3279 dub
1297 3225 1433 3296 βαλανείου
1451 3247 1501 3280 22-

367 3314 484 3382 θάρσεως
507 3311 582 3364 ἕνεκα
603 3317 647 3364 τοῦ
675 3311 805 3383 στομάχου
831 3312 943 3371 πίνοντες
966 3311 1073 3380 ἄμυστιν
1096 3312 1288 3382 ἀποβλύζουσιν.
1333 3313 1409 3369 Ι)222
1437 3313 1500 3368 dies

369 3398 443 3453 22211
459 3399 570 3452 Rauen
587 3396 692 3462 thaten‚
711 3403 776 3466 2222
791 3397 897 3453 bereits
915 3397 1024 3454 Seneca
1040 3399 1111 3467 Epp.
1125 3400 1166 3465 95,
1180 3401 1225 3450 21:
1247 3414 1306 3452 222
1328 3399 1422 3455 minus
1438 3415 1502 3469 pcr-

367 3484 498 3553 21211222,
518 3498 575 3536 222
592 3482 685 3536 minus
702 3489 810 3550 potant,
830 3489 859 3538 et
877 3484 940 3539 oleo
960 3490 989 3540 et
1006 3499 1082 3540 mero
1107 3485 1184 3540 viros
1205 3489 1372 3553 provocant.
1409 3501 1501 3556 aeque

368 3569 468 3624 1221212
495 3569 606 3636 1222222
632 3567 790 3625 visceribus
816 3585 867 3639 per
894 3585 925 3625 22
952 3570 1075 3624 reddunt
1102 3577 1131 3627 et
1156 3570 1252 3625 vinum
1280 3586 1362 3625 omne
1389 3573 1502 3627 vomitu

367 3655 560 3711 remetiuntur.
590 3653 669 3709 Mart.
681 3653 738 3708 VII
751 3657 792 3722 67,
806 3658 820 3705 7
839 3670 892 3711 nec
910 3662 994 3711 cenat
1011 3657 1090 3725 prius
1108 3662 1158 3712 aut
1175 3657 1314 3712 recumbit
1330 3663 1396 3712 ante
1410 3655 1502 3722 Quam

366 3748 474 3810 septem
499 3739 610 3795 vomuit
635 3755 727 3795 meros
750 3741 874 3797 deunoes
901 3745 923 3807 [1
944 3742 1038 3797 deunx
1051 3765 1083 3790 =
1098 3746 1127 3795 11
1146 3741 1243 3814 cyathi
1256 3766 1287 3788 =
1305 3745 1329 3809 θ,
1343 3745 1393 3794 6112
1412 3744 1501 3811 11222,

367 3831 381 3878 7
401 3828 524 3882 (1222222
537 3849 568 3870 --
583 3827 606 3892 3,
620 3828 669 3876 514
681 3826 775 3891 11222).

434 3913 579 3965 425-428.
615 3910 711 3965 Durch
729 3912 780 3967 das
799 3911 976 3969 Sohwitnbad
995 3915 1033 3968 ist
1050 3913 1093 3968 ihr
1109 3913 1197 3968 Durst
1214 3930 1246 3968 so
1263 3930 1352 3984 gross,
1372 3914 1438 3970 dass
1457 3916 1502 3971 sie

365 3999 426 4054 sich
445 3998 491 4053 ein
503 3994 681 4065 Weingeidss
694 3998 880 4067 (oenophorus
900 3998 1236 4066 2111222222222111222,
1256 4000 1307 4054 das
1326 4000 1390 4056 eine
1409 4016 1502 4069 22222

366 4085 546 4150 2222211213
564 4083 651 4148 Liter)
669 4082 746 4149 susat,
765 4100 867 4139 22222
885 4085 927 4140 212
946 4085 1072 4154 22212121(
1091 4086 1173 4141 21222
1190 4088 1331 4141 sextarius
1350 4089 1382 4150 (0,
1396 4088 1445 4138 647
1457 4087 1497 4140 Li

366 4187 416 4225 vor
434 4169 483 4225 der
494 4168 627 4224 liahlzeit
644 4185 693 4223 zur
704 4171 852 4239 Erregung
864 4171 914 4227 des
925 4168 1061 4239 Appetits
1076 4173 1178 4233 (oreris
1191 4170 1263 4226 auch
1281 4174 1320 4238 11,
1336 4173 1502 4238 1211221212

366 4255 425 4310 und
442 4254 547 4309 wieder
565 4254 710 4311 ansbricht
728 4259 783 4321 (um
800 4256 872 4311 nach
891 4257 990 4312 dossen
1001 4256 1204 4326 Befriedigung
1222 4258 1306 4313 einen
1324 4257 1447 4312 nweiten
1466 4276 1502 4313 zu

365 4339 486 4404 trinken)
508 4341 567 4394 und
585 4357 658 4395 22222
675 4342 786 4398 soheint
804 4343 845 4397 sie
864 4342 925 4398 dies
949 4341 1020 4398 bfter
1043 4358 1077 4397 22
1099 4343 1295 4398 wiederholen.
1331 4343 1426 4398 Ueber
1448 4345 1502 4398 das

365 4426 500 4482 Vomiren
518 4425 570 4482 SG.
584 4427 671 4481 11141
686 4426 704 4481 f.
