3260 5314
437 386 521 441 Liber
540 385 688 441 sccundus.
726 385 827 440 Satura
844 384 893 439 VI.

177 557 342 624 ardebant
364 564 480 623 cuncta
503 564 535 623 et
557 558 662 623 fracta
685 577 831 642 conpage
853 559 999 641 ruebant,

178 692 246 737 non
269 671 365 736 aliter
388 690 485 754 quam
508 671 536 736 si
559 669 692 736 fecisset
714 671 794 736 Iuno
816 671 967 736 maritum

82 792 150 848 626
179 786 341 850 insanum.
388 784 495 849 minus
519 802 596 865 orgo
619 801 740 848 nocens
764 783 824 848 crit
846 783 1048 869 Agrippinae

179 896 319 977 boletus,
345 896 505 979 siquidem
527 895 623 960 unius
644 894 838 979 praecordia
859 895 978 980 pressit

180 1008 240 1074 ille
264 1009 352 1074 senis
374 1007 611 1091 tremulumque
634 1014 731 1092 caput
752 1007 952 1074 descendere
973 1008 1068 1075 iussit

180 1123 216 1186 in
240 1121 364 1187 caelum
390 1127 422 1186 et
443 1120 542 1204 longa
564 1121 733 1186 manantia
754 1122 847 1186 labra
869 1120 984 1186 saliua.

181 1233 265 1300 haec
288 1233 392 1317 poscit
415 1231 534 1298 ferrum
557 1239 655 1315 atque
677 1233 780 1315 ignes,
805 1231 887 1297 haec
908 1234 997 1316 potio
1021 1239 1157 1317 torquet,

87 1353 154 1408 625
180 1343 264 1411 haec
286 1345 408 1410 lacerat
430 1344 550 1410 mixtos
573 1345 717 1428 equitum
740 1363 811 1408 cum
835 1344 994 1429 sanguine
1015 1352 1135 1429 patres.

182 1459 265 1523 tanti
288 1463 400 1541 partus
424 1476 535 1540 equae,
560 1458 642 1522 tanti
665 1477 731 1522 una
753 1457 898 1522 venefica
921 1463 1054 1522 constat.

227 1568 366 1635 oderunt
387 1575 482 1634 natos
504 1567 546 1633 de
568 1568 708 1652 paelice3
733 1589 827 1634 namo
850 1577 1017 1653 repugnet,

183 1700 279 1746 nemo
302 1687 398 1763 vetet,
422 1681 487 1745 iam
509 1681 575 1745 iam
597 1681 783 1764 privignum
806 1679 953 1745 occidere
975 1681 1025 1746 fas
1049 1688 1105 1747 est.

188 1811 247 1859 vos
271 1813 340 1876 ego,
364 1792 493 1877 pupilli,
518 1811 641 1874 moneo,
667 1793 784 1874 quibus
809 1792 947 1876 amplior
969 1800 1019 1859 est
1041 1811 1102 1874 res,

92 1913 158 1970 630
184 1905 345 1971 custodite
369 1905 495 1970 animas
518 1910 550 1970 et
572 1903 653 1969 nulli
677 1903 798 1970 credite
822 1922 964 1987 mensae,

184 2016 290 2084 livida
311 2024 457 2083 materno
481 2017 608 2084 fervent
631 2016 764 2102 adipata
787 2036 922 2083 veneno.

201 2183 260 2233 620.
297 2185 358 2236 erat
374 2181 452 2234 Jahn.

97 2277 301 2287 ———-.

165 2319 311 2371 618-620.
348 2320 405 2374 Der
421 2317 580 2374 Wahneinn
599 2317 743 2387 Caligulas
762 2319 941 2376 verursachte
960 2321 1044 2376 einen
1056 2319 1230 2388 Woltbrand,

93 2419 128 2457 so
146 2419 237 2472 gross,
255 2403 311 2459 wie
329 2404 378 2459 ihn
397 2405 445 2459 der
464 2405 621 2460 Wahnsinn
639 2405 787 2474 Juppiters
804 2405 969 2460 vetursacht
985 2406 1077 2463 haben
1095 2409 1199 2463 wtlrda.

165 2493 224 2542 626.
261 2490 432 2562 Agrippinae
451 2492 569 2546 Baletus.
606 2493 647 2546 Zu
666 2493 760 2558 6141.

166 2578 224 2629 622.
262 2578 453 2647 tractatumque
477 2583 564 2647 capot.
602 2578 678 2634 Suet.
698 2577 795 2633 Claud.
811 2580 843 2628 30
867 2584 1014 2646 praeterea
1031 2579 1147 2647 linguae
1165 2580 1233 2635 titu-

93 2663 195 2719 bantia
213 2668 356 2733 caputque
375 2681 438 2721 cum
457 2680 565 2733 semper
583 2672 643 2720 tum
661 2666 691 2719 in
704 2664 962 2733 quantulocumque
976 2671 1042 2720 actu
1054 2665 1232 2737 vellmaxime

94 2750 253 2806 tremulum.
291 2751 398 2806 Seneca
416 2750 536 2820 Apocol.
556 2752 608 2816 5,2
633 2751 752 2806 adsidue
777 2753 851 2806 enim
874 2758 961 2820 caput
984 2767 1105 2808 movere.
1143 2755 1166 2819 7,
1180 2755 1232 2804 25

95 2843 184 2905 caput
201 2836 315 2893 mobile.

165 2923 319 2977 descendere
338 2926 375 2976 Ic
393 2925 499 2977 ecclam.
530 2923 585 2977 Ein
604 2922 659 2978 wol
677 2939 730 2978 nur
742 2924 803 2979 hier
815 2923 1048 2980 vorkommandes
1062 2924 1230 2994 Oxymoron.

95 3011 147 3065 Bel
166 3010 237 3066 Stat.
257 3010 326 3066 Silv.
340 3011 384 3064 ΙΙΙ
398 3013 421 3076 3,
436 3013 467 3060 ll
486 3010 659 3079 Belligerum
678 3010 772 3066 senior
791 3011 929 3066 demissus
948 3011 978 3064 in
997 3027 1078 3066 axam
1098 3010 1233 3067 Claudius

97 3099 138 3160 (so
151 3096 200 3162 Ca)
219 3097 286 3153 lieet
303 3097 444 3152 Baehrens
463 3096 535 3151 nach
552 3097 728 3166 Peyraredus
746 3097 802 3150 wol
819 3097 924 3166 richtig
943 3097 1084 3153 dimissus.
1291 3169 1293 3174 Ι

166 3186 226 3236 623.
257 3182 371 3240 Sueten.
391 3183 488 3238 Claud.
503 3201 525 3238 c.
540 3185 572 3234 30
591 3183 633 3237 ira
651 3183 769 3251 turpior,
789 3188 937 3251 spumante
953 3185 1034 3252 rictu,
1054 3184 1234 3241 humentibus

96 3271 221 3326 naribus.

165 3357 225 3407 624.
251 3358 308 3408 626,
350 3355 452 3411 Solche
478 3354 682 3412 Liebestr‘dnke
712 3355 899 3412 vcrursachen
926 3355 1153 3427 Hinrichtungan
1183 3359 1235 3413 mit

96 3443 187 3498 Fauor
210 3442 269 3496 und
293 3442 430 3509 Schwart,
461 3441 600 3498 Tortoren
623 3442 682 3497 und
704 3443 920 3500 Todesurtheilc
943 3459 1036 3514 gagen
1059 3445 1154 3502 Rittcr
1177 3446 1236 3500 und

98 3527 262 3582 Senatorcn.

166 3615 225 3665 626.
257 3619 357 3682 partae
375 3633 462 3684 cquae.
499 3616 539 3669 ΖΠ
558 3617 607 3666 615
626 3631 652 3668 u.
672 3616 729 3666 616.

165 3703 224 3753 626.
262 3700 316 3754 ianr
342 3699 395 3752 iarn
418 3699 576 3770 privignum
603 3700 719 3753 occidere
739 3703 791 3771 faa
818 3705 863 3754 cet.
905 3701 993 3756 Dicte
1020 3701 1235 3769 gewohnlichcn

98 3787 278 3844 Verbreehen
298 3803 356 3842 von
380 3785 576 3842 Stiefmltttern
599 3802 692 3856 gagen
710 3785 885 3842 Stiefhinder
909 3788 1000 3856 (Verg.
1021 3787 1121 3856 Georg.
1142 3789 1234 3842 11126

98 3875 201 3941 poeula
226 3874 250 3928 si
268 3904 303 3912 -
321 3872 435 3941 quando
460 3889 562 3929 saevae
587 3872 710 3928 infecere
734 3876 894 3939 novercae),
921 3874 1007 3928 deren
1029 3872 1235 3944 Unterlassung

98 3958 546 4026 auchflor.0.11124,1r-re
571 3960 612 4014 616
637 3958 759 4014 Zaichen
783 3959 832 4014 dar
856 3959 1089 4016 Sittenunschuld
1113 3959 1233 4027 anflihrt,

99 4045 212 4101 konnen
236 4045 341 4101 bereits
361 4045 427 4108 tiam
446 4046 509 4110 iam)
534 4046 572 4100 im
590 4045 742 4116 Vergleich
767 4062 824 4100 von
841 4045 1019 4102 Varbrechen
1037 4062 1094 4101 von
1111 4047 1235 4102 lltittern

99 4147 190 4201 gagen
209 4131 269 4186 ihre
288 4133 392 4200 aignan
409 4132 518 4188 Kindor
536 4133 800 4202 gewissormaassen
819 4133 860 4188 als
878 4132 989 4188 erlanbt
1006 4133 1109 4201 gelton.

167 4219 225 4270 629.
257 4217 373 4286 pupilli,
396 4219 528 4285 Knabcn,
552 4218 599 4273 dic
618 4218 673 4274 den
690 4218 779 4274 Vatcr
797 4219 926 4273 verloren
942 4219 1047 4286 haben,
1071 4218 1130 4275 und
1149 4220 1235 4276 deren

99 4319 211 4372 grossas
229 4303 390 4374 Vcrmbgen
409 4305 455 4360 die
474 4305 578 4360 Mutter
596 4321 658 4360 num
677 4304 834 4361 Giftmordc
852 4305 930 4360 reiut.

167 4392 225 4444 631.
263 4389 346 4444 liuida
363 4417 397 4432 -
416 4389 541 4459 adipata:
578 4390 734 4447 Bachwcrlr
759 4392 844 4457 (Mart.
865 4389 935 4446 XIV
947 4393 996 4442 223
1017 4391 1058 4450 616
1076 4392 1236 4452 Friihstlich
