3244 5316
482 404 567 461 Liber
583 405 697 474 primus.
734 405 837 461 Satura
853 405 874 459 Ι.

204 583 357 662 expectes
379 576 494 642 eadem
515 597 537 642 a
558 595 681 643 summo
703 577 898 660 minimoque
921 584 1024 662 poeta.

141 698 179 754 15
205 697 238 758 et
260 707 319 755 nos
341 709 417 772 ergo
440 707 570 753 manum
592 687 717 754 ferulae
739 688 961 772 subduximus,
986 696 1019 755 et
1040 709 1099 755 nos

204 801 374 868 consilium
397 799 546 866 dedimus
568 799 688 884 Sullae,
714 801 860 884 privatus
882 808 918 868 nt
941 803 1041 867 altum

203 913 367 979 dormiret.
413 911 512 977 stulta
534 917 585 977 est
606 911 784 994 clementia,
809 932 881 977 oum
902 919 949 978 tot
970 913 1090 996 ubique

203 1024 333 1091 vatibus
355 1041 513 1105 occurras,
536 1023 701 1106 periturae
723 1042 857 1106 parcere
880 1025 1020 1090 chartae.

114 1152 324 1167 —a—-——-—

222 1216 263 1266 11.
298 1211 420 1282 spurium
435 1215 515 1280 putat
533 1211 640 1265 Dobrac
657 1211 728 1266 Ado.
747 1213 788 1265 II
797 1231 827 1282 p.
841 1219 899 1266 387.

222 1387 262 1437 15.
297 1384 419 1439 llacrob.
437 1383 494 1439 Sat.
512 1383 557 1438 III
576 1385 644 1450 1⁰‚2
667 1384 705 1439 Et
725 1399 789 1451 nos,
815 1384 915 1453 inquit,
933 1400 1045 1439 manum
1064 1383 1171 1439 ferulae
1193 1384 1244 1439 ali·

114 1473 231 1542 quando
251 1469 442 1526 subduximus.
479 1469 595 1524 Hieron.
607 1470 678 1539 Epp.
693 1471 733 1536 50,
748 1473 762 1519 5
786 1469 892 1525 lituos
910 1470 1062 1525 didicimus
1079 1469 1197 1536 litteras,
1216 1477 1245 1526 et

113 1575 169 1615 nos
187 1572 274 1626 scope
291 1571 403 1611 manum
420 1553 528 1610 ferulae
546 1555 742 1612 subtraximus.
777 1556 949 1624 Epp.51,12
973 1561 1002 1610 et
1025 1571 1110 1625 saepe
1132 1572 1245 1612 manum

114 1645 224 1702 ferulae
248 1641 440 1699 subduximus.
480 1639 553 1696 Adv.
572 1639 637 1695 Rus.
655 1641 714 1696 Ι17
740 1641 800 1707 (ool.
820 1643 878 1693 113.
899 1640 981 1705 Vull.)
1005 1639 1111 1696 ferulae
1133 1657 1244 1696 manum

113 1729 290 1787 subtrahere.
324 1725 419 1796 Apoll.
433 1725 529 1782 Sidou.
541 1727 613 1796 Epp.
626 1726 656 1780 ΙΙ
670 1729 709 1794 10,
724 1730 736 1779 1
756 1733 871 1797 propter
890 1741 972 1795 quam
989 1743 1042 1783 nos
1055 1743 1167 1796 quoque
1180 1727 1244 1782 sub-

113 1815 250 1872 duximus
271 1811 379 1868 ferulae
400 1828 519 1868 manum.
562 1813 612 1878 (ld.
630 1813 700 1881 Epp.
713 1812 767 1867 V5
790 1819 856 1882 post
876 1811 980 1868 forulus
1000 1812 1133 1869 lectionis
1154 1814 1244 1868 llaro·

113 1904 239 1964 nianae).
314 1902 352 1952 18.
376 1897 593 1965 Enuod.0.1‚1
612 1914 653 1966 pr.
678 1899 715 1953 ad
736 1897 913 1954 Gamonulem
934 1904 1027 1954 temen
1052 1899 1243 1967 ignominiam,

114 1988 221 2057 quibus
238 2001 381 2054 nunquam
394 1984 570 2040 Gluvidenus
583 1988 626 2049 (nu
638 2001 663 2039 v.
677 1986 717 2048 80)
731 1984 818 2051 deest,
836 1999 934 2039 versus
947 1985 1040 2039 udieoi
1053 1988 1082 2040 et
1091 1985 1242 2054 periturae,

112 2082 148 2130 ut
164 2074 274 2128 dictum
292 2077 342 2136 est,
367 2070 480 2126 chartae
503 2070 640 2138 prodigus
659 2086 717 2124 non
737 2070 860 2139 peperci.
897 2068 1243 2138 ooripp.lohcnn.113ee

111 2160 186 2216 hacc
202 2158 272 2213 mihi
289 2171 391 2225 magna
410 2156 488 2212 iubet
505 2156 639 2225 perituris
657 2171 772 2225 parcere
790 2156 897 2210 castris.

187 2333 246 2386 16s.
283 2326 557 2384 ScholStatTheb.
571 2328 647 2381 1389
667 2328 825 2389 (consilium
841 2359 876 2366 —
894 2329 1044 2392 dormiret).

113 2502 357 2572 Interrogatinum
375 2502 407 2566 (6,
421 2501 453 2552 29
470 2514 526 2568 qua
536 2499 700 2567 Tisiphone,
719 2499 822 2568 quibus
840 2501 985 2569 exagitare
1002 2501 1163 2568 colubrini),
1181 2517 1244 2557 sou·

114 2590 184 2646 dern
203 2587 276 2643 auch
294 2585 379 2641 allein
398 2587 430 2651 (1,
441 2588 474 2638 54
491 2601 567 2641 mare
583 2600 747 2654 percussum
764 2588 870 2654 puero).
905 2585 968 2654 Vgl.
988 2587 1060 2641 auch
1078 2603 1113 2642 nu
1132 2590 1154 2654 7,
1168 2590 1209 2640 64.

184 2678 282 2743 ruptae
305 2671 393 2726 durch
415 2672 461 2728 die
479 2672 702 2739 Erschlltterung
718 2670 877 2740 geborsten.
910 2671 994 2740 Verg.
1012 2671 1113 2741 Georg.
1130 2673 1175 2727 III
1193 2675 1243 2726 328

114 2766 203 2817 cautu
221 2757 355 2827 querulae
373 2764 504 2825 rumpent
521 2757 636 2813 urbusta
654 2757 770 2812 cicadae
789 2760 876 2821 (wonu
889 2755 1004 2813 Servius
1022 2759 1069 2813 die
1088 2758 1174 2813 Stelle
1193 2759 1243 2814 des

113 2843 239 2902 Juvenal
257 2842 385 2907 anfflhrtl.
421 2842 523 2899 Donet.
536 2843 594 2898 Vit.
612 2843 719 2912 Vergil.
740 2845 779 2908 18,
793 2845 825 2894 77
843 2849 876 2896 tu
892 2843 1066 2911 loquacitate
1085 2860 1142 2899 non
1159 2846 1243 2900 modo

113 2947 198 2988 aures
215 2930 359 2984 homiuum
376 2929 427 2983 sed
443 2945 538 2984 muros
555 2928 669 2997 rumpis.
705 2928 769 2998 Vgl.
787 2944 822 2982 uu
840 2932 864 2994 7,
878 2931 918 2980 86.

187 3018 227 3067 14.
264 3015 352 3068 cadem
373 3032 390 3066 a
415 3031 514 3066 summo
539 3014 705 3084 minimoque.
748 3018 772 3080 6,
789 3016 839 3067 319
867 3015 978 3084 iamque
1005 3015 1102 3070 eadem
1129 3018 1243 3073 summis

111 3104 223 3173 pariter
240 3101 419 3168 minimisque
436 3099 528 3155 libido
549 3102 587 3166 11,
601 3101 633 3152 36
652 3101 683 3154 iu
701 3101 815 3156 summis
833 3101 1020 3170 minimisque.

185 3189 295 3239 15-17.
330 3183 414 3240 Auch
431 3185 476 3239 ich
494 3185 566 3241 habe
584 3185 631 3241 die
648 3186 862 3255 grammatische
880 3186 938 3240 und
955 3186 1128 3243 rhetorisohe
1140 3187 1242 3244 Schule

111 3271 341 3342 durcbgemacbt.

185 3360 226 3410 15.
256 3357 367 3429 fcruluc
387 3373 494 3410 manum
514 3355 692 3410 subducimus.
732 3359 834 3413 Fernla
852 3359 902 3414 das
919 3359 1112 3427 gewdhnliche
1131 3361 1244 3418 zuchti·

112 3445 378 3515 gungsinstrument
401 3442 431 3495 iu
455 3441 504 3496 der
522 3441 632 3509 Subulo,
656 3444 708 3498 mit
731 3443 794 3499 dem
816 3460 880 3499 man
899 3444 951 3499 aul
965 3445 1012 3500 die
1031 3446 1114 3501 Haud
1135 3447 1242 3518 schlug,

112 3531 169 3586 Prl.
189 3531 247 3596 113,
262 3531 285 3582 7.
321 3527 387 3584 Otto
404 3527 466 3595 Spr.
484 3526 582 3582 ferula.
617 3527 773 3584 subducere
785 3528 830 3584 tur
842 3529 1005 3587 subtrahere
1018 3532 1089 3586 cuch
1103 3536 1126 3599 8,
1140 3536 1172 3585 77
1185 3535 1243 3589 und

113 3617 229 3683 11‚141.

185 3703 226 3752 16.
263 3699 530 3753 conciliundcdimua
543 3699 641 3753 Sulmo.
671 3701 728 3755 Fdr
743 3701 790 3756 die
801 3700 1023 3770 Uebungsreden
1035 3703 1084 3758 der
1096 3701 1243 3772 Anfdnger

109 3789 143 3843 iu
167 3787 217 3842 der
241 3785 481 3841 Rhetorenschule
504 3784 672 3850 (Suasorien)
701 3802 759 3840 war
780 3788 828 3842 die
851 3787 932 3842 Bede
956 3787 1050 3844 Sullae
1074 3788 1242 3844 dictaturam

110 3871 286 3940 deponentis
305 3870 429 3935 (Quintil.
442 3870 488 3925 III
501 3872 523 3938 8,
538 3873 578 3935 53)
596 3872 643 3926 ein
660 3872 798 3928 beliebtes
815 3872 928 3928 Thema.
968 3873 1113 3927 Concilium
1130 3874 1193 3926 darc
1212 3875 1242 3928 in

110 3959 178 4014 dem
190 3957 278 4013 Sinne
296 3972 354 4012 von
370 3953 426 4011 ‘die
443 3955 488 4010 fflr
506 3956 560 4012 den
576 3958 741 4014 Entschluss
758 3959 950 4027 spreoheuden
967 3958 1081 4014 Grunde
1098 3957 1241 4014 auflibren’

110 4043 232 4109 Quintil.
246 4043 328 4109 1118,
341 4044 373 4095 30
391 4047 424 4098 ut
441 4059 504 4098 cum
522 4042 580 4099 illis
598 4042 772 4113 Opiterginis
789 4045 888 4101 damus
905 4045 1054 4100 consilium
1066 4061 1101 4100 ne
1114 4060 1143 4100 se
1154 4045 1242 4100 hosti·

110 4130 167 4186 bus
184 4127 292 4184 dedant
308 4130 342 4180 46
360 4127 496 4183 Ciceroni·
509 4128 638 4185 dabimus
656 4130 806 4185 eonsilium
823 4134 856 4184 ut
872 4128 1028 4185 Antonium
1045 4135 1133 4200 roget.

185 4216 225 4267 16.
258 4215 383 4284 privatus
400 4231 453 4269 nur
470 4214 531 4269 hier
548 4215 587 4270 im
605 4214 692 4270 Sinne
710 4216 760 4271 der
777 4214 1043 4285 republilrauischen
1062 4217 1137 4274 Zeit:
1160 4213 1241 4273 ‘ohne

110 4299 247 4356 amtliche
265 4299 405 4368 Stellung’
411 4317 418 4366 3
437 4306 517 4356 sonst
534 4300 642 4357 liberull
660 4304 692 4368 (4,
705 4303 752 4367 66;
771 4303 872 4369 6,111;
892 4303 931 4368 12,
946 4302 1008 4369 tor;
1024 4304 1114 4370 13,11(
1133 4302 1241 4359 ‘linter-

109 4381 189 4442 tban’
208 4386 277 4442 oder
294 4382 354 4440 ‘auf
367 4386 558 4442 Unterthauen
575 4384 738 4458 bendglich'.
776 4388 816 4443 Zu
834 4389 928 4454 6,114.
