3214 5314
462 407 546 462 Liber
563 407 678 490 primns.
715 406 816 464 Satura
833 406 867 461 V.

180 587 213 646 et
236 580 287 645 cui
310 599 369 663 per
389 578 532 644 mediam
554 578 638 644 nolis
661 598 828 644 occurrere
850 585 986 660 noctem,

111 699 153 754 55
183 692 326 757 clivosae
348 690 476 757 veheris
500 691 576 756 dum
597 709 656 774 per
677 698 884 757 monumenta
906 691 1056 757 Latinae:

182 803 242 868 llos
264 803 364 868 Asiae
386 809 463 868 ante
484 803 599 886 ipsum,
623 803 728 886 pretio
751 803 873 868 maiore
895 808 1028 886 paratus

182 935 280 997 quam
302 913 363 979 fuit
385 919 418 978 ct
439 913 527 978 Tulli
550 931 667 979 census
688 915 847 998 pugnacis
870 920 902 979 et
923 913 1006 979 Anci

183 1031 223 1108 et,
247 1044 289 1090 nc
311 1031 343 1090 te
365 1031 504 1106 teneam,
528 1026 743 1090 Romanorum
766 1026 872 1090 omnia
893 1045 1006 1110 regum

182 1137 310 1203 frivola.
356 1133 443 1218 qnod
465 1155 537 1200 cum
558 1139 606 1201 ita
628 1136 678 1217 sit,
702 1142 738 1201 tn
760 1136 934 1202 Gaetulum
957 1135 1183 1220 Ganymedem

112 1257 155 1313 00
181 1251 318 1332 respice,
342 1267 415 1312 oum
437 1249 537 1312 sities.
583 1249 688 1313 nescit
710 1253 757 1313 tot
778 1249 907 1315 milibus
931 1256 1057 1333 emptus
1141 1255 1144 1264 '

181 1359 382 1444 pauperibus
403 1360 540 1425 miscere
562 1378 651 1443 puer,
677 1358 736 1424 sed
759 1359 871 1442 forma,
896 1359 955 1425 sed
977 1367 1068 1428 aetas

182 1471 284 1555 digna
306 1470 488 1554 supercilio.
534 1469 663 1553 qnando
687 1470 730 1535 ad
751 1477 785 1535 te
806 1472 955 1554 pervenit
976 1472 1059 1537 ille?

181 1581 312 1665 qnando
334 1590 469 1665 rogatus
491 1581 585 1647 adest
606 1581 734 1648 calidae
757 1582 953 1665 gelidaeque
975 1583 1149 1648 minister?

180 1695 303 1778 qnippe
325 1693 512 1776 indignatur
533 1693 636 1758 veteri
658 1712 774 1777 parere
797 1693 907 1759 clienti

114 1813 156 1870 05
182 1805 333 1888 quodque
355 1803 480 1887 aliquid
502 1823 616 1888 poscas
639 1810 672 1869 ct
694 1801 781 1887 qnod
802 1824 838 1870 se
861 1812 968 1871 stante
988 1806 1167 1872 recumbas.

200 1997 241 2047 00.
278 1993 371 2048 sities:
390 1994 484 2049 nescit
501 1994 542 2045 61.
559 2007 638 2062 puer.
658 1993 709 2048 sed
733 1993 833 2047 Vutlca
845 2011 875 2063 p.
889 2003 930 2046 11.

91 2101 302 2110 ...——-—

200 2158 240 2208 55.
276 2155 388 2210 Paulin.
400 2156 502 2211 Nolan.
515 2157 578 2211 Nat.
592 2156 638 2211 III
656 2156 716 2212 Fcl.
729 2159 762 2208 72
781 2173 882 2225 aspera
902 2163 1049 2214 montosae
1072 2163 1226 2227 carpuntur

92 2248 186 2301 strata
203 2241 330 2296 Latinae.

199 2331 239 2380 56.
276 2326 425 2381 claudian.
439 2326 693 2396 InEutrop.1250
712 2326 765 2383 flos
783 2327 890 2397 Syriae.

198 2417 239 2467 57.
276 2414 373 2467 Horat.
388 2411 417 2466 G.
430 2411 472 2467 IV
484 2415 508 2480 7,
523 2416 554 2466 15
573 2414 654 2469 dives
671 2413 774 2469 Tullus
793 2418 822 2468 ct
839 2412 945 2470 Ancus.

198 2502 239 2554 61.
276 2498 356 2554 Ovid.
369 2499 434 2554 llet.
447 2498 493 2552 ΙΙΙ
505 2501 556 2551 155
574 2514 627 2554 neo
644 2498 733 2554 forma
751 2513 803 2553 nec
821 2505 907 2555 aetas.

162 2675 204 2724 54.
240 2670 399 2739 Lintprand
415 2672 539 2739 Legat3
563 2670 657 2726 colore
675 2669 853 2740 Aethiopem,
876 2673 923 2725 cui
944 2687 996 2740 per
1014 2672 1133 2727 mediam
1151 2673 1226 2728 nolis

92 2773 242 2816 occurrere
259 2762 379 2812 noctem.

150 2935 204 2984 od.
241 2931 286 2984 cai
303 2947 356 2999 per
379 2928 493 2990 andium
514 2928 582 2981 colia
605 2945 741 2982 occat-rere
758 2932 865 2980 noctem.
901 2928 963 2984 Sen.
983 2927 1136 2999 Apoooloc.
1157 2933 1225 2998 13,3

93 3033 195 3074 canem
218 3017 330 3084 nigrum
352 3013 496 3081 villosum,
519 3029 588 3070 sano
612 3029 694 3083 quem
716 3030 773 3070 non
798 3013 871 3070 velis
897 3015 951 3071 tibi
975 3016 1005 3069 in
1033 3016 1227 3072 tenebrisoc-

93 3118 214 3160 currere.

164 3193 205 3242 55.
243 3186 354 3240 clivosae
371 3215 405 3224 -
420 3203 471 3254 per
493 3191 662 3240 monumenta
679 3185 803 3240 Latinae.
845 3185 893 3241 An
915 3186 964 3242 der
985 3188 1035 3242 via
1055 3189 1158 3244 Latina
1178 3188 1227 3258 lag

92 3274 234 3331 Juvenals
252 3271 419 3328 Vaterstadt
435 3268 587 3340 Aquinum.

167 3362 207 3412 56.
243 3357 337 3414 Ueber
355 3358 402 3414 die
420 3358 516 3413 Preise
535 3357 653 3414 sehoner
671 3357 792 3413 Selavcn
815 3361 847 3423 (v.
862 3360 894 3411 00
913 3365 957 3414 tot
975 3359 1090 3416 milibus
1108 3365 1226 3432 emptus)

93 3443 217 3501 Martial.
236 3445 363 3511 11162,1
384 3445 442 3502 1100
450 3446 500 3496 000
518 3444 578 3497 und
595 3445 718 3508 200000).
754 3443 825 3499 Plin.
844 3445 876 3501 N.
896 3444 920 3499 h.
940 3445 997 3500 VII
1017 3448 1056 3498 56.

165 3532 229 3600 Ipse
248 3530 297 3584 der
315 3531 393 3596 Hert,
411 3546 447 3584 au
464 3546 490 3584 v.
505 3531 545 3580 30.

165 3620 206 3669 57.
242 3616 339 3671 Horat.
358 3615 388 3670 G.
406 3615 450 3670 IV
462 3617 485 3682 1,
500 3617 531 3667 15
550 3616 630 3671 oben.
791 3679 793 3684 ,

165 3705 206 3756 58.
242 3720 281 3754 aa
293 3705 317 3754 tc
336 3705 444 3754 teneam.
481 3700 538 3755 Cic.
557 3700 636 3756 Verr.
655 3702 715 3755 134
733 3701 792 3755 nnd
809 3717 860 3769 pro
877 3700 1004 3757 SRoscio
1022 3699 1084 3756 Am.
1105 3707 1127 3770 7,
1141 3707 1173 3757 20
1191 3722 1227 3761 nc

94 3790 207 3846 diutius
223 3792 335 3843 teneam
353 3786 415 3842 Son.
434 3788 505 3856 Epp.
526 3789 583 3854 124,
597 3789 630 3840 20
648 3787 752 3842 sedne
769 3793 798 3842 to
817 3788 925 3842 diutius
943 3794 1060 3844 teneam.

165 3876 206 3926 59.
243 3873 363 3926 Fiducia.
394 3872 434 3927 Zu
452 3873 547 3938 3‚1oo.

164 3960 311 4030 quodcum
328 3958 368 4011 οἶα
385 3957 428 4010 ait.
463 3958 536 4012 Einl.
557 3957 583 4014 S.
598 3961 638 4011 57.

170 4046 314 4098 Gaetulum
335 4044 519 4113 Ganymedem.
534 4073 535 4080 1
550 4043 591 4098 Za
610 4045 632 4109 1,
646 4044 686 4095 61.

164 4133 206 4184 00.
242 4129 342 4198 respice
366 4130 428 4182 dum
451 4129 532 4182 attia.
568 4128 652 4197 Apul.
671 4128 705 4181 ll.
725 4128 752 4182 X
767 4130 796 4179 17
821 4129 977 4198 sitiensque
999 4130 1171 4199 pocillatore
1184 4149 1227 4190 ro-

95 4222 195 4286 spocto
213 4215 289 4271 ciliis
307 4214 415 4271 alterna
433 4217 588 4270 connivens
606 4215 704 4270 bibero
721 4213 885 4284 flagitarem.

164 4306 204 4355 tot
221 4301 328 4356 milibus
345 4307 454 4371 emptus.
485 4303 526 4356 Zu
545 4302 584 4353 56.

164 4389 205 4441 64.
242 4390 327 4441 ceteri
343 4383 440 4441 clienti.
471 4389 512 4442 Zu
533 4389 624 4454 1‚132.
