<?xml version="1.0" encoding="UTF-8"?>
<!DOCTYPE html PUBLIC "-//W3C//DTD XHTML 1.0 Transitional//EN"
    "http://www.w3.org/TR/xhtml1/DTD/xhtml1-transitional.dtd">
<html xmlns="http://www.w3.org/1999/xhtml" xml:lang="en" lang="en">
 <head>
  <title>
</title>
<meta http-equiv="Content-Type" content="text/html;charset=utf-8" />
  <meta name='ocr-system' content='tesseract 3.04.00' />
  <meta name='ocr-capabilities' content='ocr_page ocr_carea ocr_par ocr_line ocrx_word'/>
</head>
<body>
  <div class='ocr_page' id='page_1' title='image "./saturarumlibriv00juvegoog_0315.png"; bbox 0 0 3260 5314; ppageno 0'>
   <div class='ocr_carea' id='block_1_1' title="bbox 419 407 1219 478">
    <p class='ocr_par' dir='ltr' id='par_1_1' title="bbox 419 407 1219 478">
     <span class='ocr_line' id='line_1_1' title="bbox 419 407 1219 478; baseline 0.004 -14"><span class='ocrx_word' id='word_1_1' title='bbox 419 410 503 466; x_wconf 91' lang='lat' dir='ltr'><strong>Liber</strong></span> <span class='ocrx_word' id='word_1_2' title='bbox 521 409 670 464; x_wconf 84' lang='lat' dir='ltr'><strong>secundus.</strong></span> <span class='ocrx_word' id='word_1_3' title='bbox 708 408 809 464; x_wconf 85' lang='lat' dir='ltr'><strong>Satura</strong></span> <span class='ocrx_word' id='word_1_4' title='bbox 827 407 877 464; x_wconf 89' lang='lat' dir='ltr'><strong>VI.</strong></span> <span class='ocrx_word' id='word_1_5' title='bbox 1155 413 1219 478; x_wconf 83' lang='lat'><strong>305</strong></span> 
     </span>
    </p>
   </div>
   <div class='ocr_carea' id='block_1_2' title="bbox 79 555 1246 2009">
    <p class='ocr_par' dir='ltr' id='par_1_2' title="bbox 167 555 1246 779">
     <span class='ocr_line' id='line_1_2' title="bbox 167 555 961 665; baseline -0.003 -17"><span class='ocrx_word' id='word_1_6' title='bbox 167 583 300 649; x_wconf 82' lang='lat' dir='ltr'><strong>horreat</strong></span> <span class='ocrx_word' id='word_1_7' title='bbox 321 583 420 665; x_wconf 90' lang='lat' dir='ltr'><strong>inque</strong></span> <span class='ocrx_word' id='word_1_8' title='bbox 443 582 529 648; x_wconf 89' lang='lat' dir='ltr'><strong>diem</strong></span> <span class='ocrx_word' id='word_1_9' title='bbox 551 583 696 665; x_wconf 78' lang='lat' dir='ltr'><strong>septenis</strong></span> <span class='ocrx_word' id='word_1_10' title='bbox 720 555 824 647; x_wconf 78' lang='lat' dir='ltr'><strong>oderit</strong></span> <span class='ocrx_word' id='word_1_11' title='bbox 847 580 961 647; x_wconf 80' lang='lat' dir='ltr'><strong>horis?</strong></span> 
     </span>
     <span class='ocr_line' id='line_1_3' title="bbox 214 692 1246 779; baseline -0.001 -19"><span class='ocrx_word' id='word_1_12' title='bbox 214 693 373 778; x_wconf 82' lang='lat' dir='ltr'><strong>quaedam</strong></span> <span class='ocrx_word' id='word_1_13' title='bbox 397 714 500 777; x_wconf 84' lang='lat' dir='ltr'><strong>parva</strong></span> <span class='ocrx_word' id='word_1_14' title='bbox 523 692 663 776; x_wconf 87' lang='lat' dir='ltr'><strong>quidem,</strong></span> <span class='ocrx_word' id='word_1_15' title='bbox 687 693 832 760; x_wconf 89' lang='lat' dir='ltr'><strong>sednon</strong></span> <span class='ocrx_word' id='word_1_16' title='bbox 855 692 1026 760; x_wconf 84' lang='lat' dir='ltr'><strong>toleranda</strong></span> <span class='ocrx_word' id='word_1_17' title='bbox 1047 695 1180 759; x_wconf 83' lang='lat' dir='ltr'><strong>maritis.</strong></span> <span class='ocrx_word' id='word_1_18' title='bbox 1245 775 1246 779; x_wconf 7' lang='grc' dir='ltr'><strong>Ἰ</strong></span> 
     </span>
    </p>

    <p class='ocr_par' dir='ltr' id='par_1_3' title="bbox 79 804 1126 1336">
     <span class='ocr_line' id='line_1_4' title="bbox 79 804 1126 890; baseline 0.001 -20"><span class='ocrx_word' id='word_1_19' title='bbox 79 815 145 872; x_wconf 86' lang='grc'><strong>185</strong></span> <span class='ocrx_word' id='word_1_20' title='bbox 169 826 246 872; x_wconf 91' lang='lat' dir='ltr'><strong>nam</strong></span> <span class='ocrx_word' id='word_1_21' title='bbox 270 805 349 889; x_wconf 87' lang='lat' dir='ltr'><strong>quid</strong></span> <span class='ocrx_word' id='word_1_22' title='bbox 371 804 545 887; x_wconf 79' lang='lat' dir='ltr'><strong>rancidius</strong></span> <span class='ocrx_word' id='word_1_23' title='bbox 570 825 666 888; x_wconf 91' lang='lat' dir='ltr'><strong>quam</strong></span> <span class='ocrx_word' id='word_1_24' title='bbox 689 804 775 888; x_wconf 87' lang='lat' dir='ltr'><strong>quod</strong></span> <span class='ocrx_word' id='word_1_25' title='bbox 797 823 833 870; x_wconf 86' lang='lat' dir='ltr'><strong>sc</strong></span> <span class='ocrx_word' id='word_1_26' title='bbox 855 826 919 870; x_wconf 90' lang='lat' dir='ltr'><strong>non</strong></span> <span class='ocrx_word' id='word_1_27' title='bbox 942 812 1036 890; x_wconf 90' lang='lat' dir='ltr'><strong>putat</strong></span> <span class='ocrx_word' id='word_1_28' title='bbox 1057 806 1126 872; x_wconf 87' lang='lat' dir='ltr'><strong>ulla</strong></span> 
     </span>
     <span class='ocr_line' id='line_1_5' title="bbox 171 915 1104 1001; baseline 0 -17"><span class='ocrx_word' id='word_1_29' title='bbox 171 918 344 984; x_wconf 82' lang='lat' dir='ltr'><strong>formosam</strong></span> <span class='ocrx_word' id='word_1_30' title='bbox 366 918 429 982; x_wconf 93' lang='lat' dir='ltr'><strong>nisi</strong></span> <span class='ocrx_word' id='word_1_31' title='bbox 452 937 538 1000; x_wconf 90' lang='lat' dir='ltr'><strong>quae</strong></span> <span class='ocrx_word' id='word_1_32' title='bbox 561 916 602 983; x_wconf 87' lang='lat' dir='ltr'><strong>de</strong></span> <span class='ocrx_word' id='word_1_33' title='bbox 625 918 731 982; x_wconf 84' lang='lat' dir='ltr'><strong>Tusca</strong></span> <span class='ocrx_word' id='word_1_34' title='bbox 754 915 913 982; x_wconf 77' lang='lat' dir='ltr'><strong>Graecula</strong></span> <span class='ocrx_word' id='word_1_35' title='bbox 935 917 1023 983; x_wconf 87' lang='lat' dir='ltr'><strong>facta</strong></span> <span class='ocrx_word' id='word_1_36' title='bbox 1045 925 1104 1001; x_wconf 87' lang='lat' dir='ltr'><strong>est,</strong></span> 
     </span>
     <span class='ocr_line' id='line_1_6' title="bbox 170 1028 1037 1114; baseline -0.001 -19"><span class='ocrx_word' id='word_1_37' title='bbox 170 1028 212 1095; x_wconf 88' lang='lat' dir='ltr'><strong>de</strong></span> <span class='ocrx_word' id='word_1_38' title='bbox 235 1029 440 1095; x_wconf 80' lang='lat' dir='ltr'><strong>Sulmonensi</strong></span> <span class='ocrx_word' id='word_1_39' title='bbox 463 1048 554 1094; x_wconf 91' lang='lat' dir='ltr'><strong>mera</strong></span> <span class='ocrx_word' id='word_1_40' title='bbox 576 1028 756 1112; x_wconf 82' lang='lat' dir='ltr'><strong>Cecropis?</strong></span> <span class='ocrx_word' id='word_1_41' title='bbox 781 1029 889 1092; x_wconf 91' lang='lat' dir='ltr'><strong>omnia</strong></span> <span class='ocrx_word' id='word_1_42' title='bbox 910 1047 1037 1114; x_wconf 84' lang='lat' dir='ltr'><strong>graece,</strong></span> 
     </span>
     <span class='ocr_line' id='line_1_7' title="bbox 171 1140 981 1225; baseline -0.001 -19"><span class='ocrx_word' id='word_1_43' title='bbox 171 1162 243 1207; x_wconf 91' lang='lat' dir='ltr'><strong>cum</strong></span> <span class='ocrx_word' id='word_1_44' title='bbox 266 1143 309 1207; x_wconf 89' lang='lat' dir='ltr'><strong>sit</strong></span> <span class='ocrx_word' id='word_1_45' title='bbox 330 1148 425 1225; x_wconf 89' lang='lat' dir='ltr'><strong>turpe</strong></span> <span class='ocrx_word' id='word_1_46' title='bbox 447 1141 552 1225; x_wconf 84' lang='lat' dir='ltr'><strong>magis</strong></span> <span class='ocrx_word' id='word_1_47' title='bbox 574 1141 692 1206; x_wconf 91' lang='lat' dir='ltr'><strong>nostris</strong></span> <span class='ocrx_word' id='word_1_48' title='bbox 714 1141 841 1205; x_wconf 86' lang='lat' dir='ltr'><strong>nescire</strong></span> <span class='ocrx_word' id='word_1_49' title='bbox 864 1140 981 1220; x_wconf 80' lang='lat' dir='ltr'><strong>latine3</strong></span> 
     </span>
     <span class='ocr_line' id='line_1_8' title="bbox 168 1250 1014 1336; baseline -0.002 -18"><span class='ocrx_word' id='word_1_50' title='bbox 168 1253 231 1318; x_wconf 89' lang='lat' dir='ltr'><strong>hoc</strong></span> <span class='ocrx_word' id='word_1_51' title='bbox 254 1271 400 1318; x_wconf 89' lang='lat' dir='ltr'><strong>sermone</strong></span> <span class='ocrx_word' id='word_1_52' title='bbox 423 1260 554 1336; x_wconf 89' lang='lat' dir='ltr'><strong>pavent,</strong></span> <span class='ocrx_word' id='word_1_53' title='bbox 577 1252 638 1317; x_wconf 90' lang='lat' dir='ltr'><strong>hoc</strong></span> <span class='ocrx_word' id='word_1_54' title='bbox 660 1253 742 1316; x_wconf 90' lang='lat' dir='ltr'><strong>iram</strong></span> <span class='ocrx_word' id='word_1_55' title='bbox 764 1250 888 1336; x_wconf 82' lang='lat' dir='ltr'><strong>gaudia</strong></span> <span class='ocrx_word' id='word_1_56' title='bbox 911 1271 1014 1334; x_wconf 85' lang='lat' dir='ltr'><strong>ouras,</strong></span> 
     </span>
    </p>

    <p class='ocr_par' dir='ltr' id='par_1_4' title="bbox 80 1360 1109 1893">
     <span class='ocr_line' id='line_1_9' title="bbox 80 1360 1097 1445; baseline 0.001 -18"><span class='ocrx_word' id='word_1_57' title='bbox 80 1373 144 1430; x_wconf 87' lang='lat'><strong>190</strong></span> <span class='ocrx_word' id='word_1_58' title='bbox 168 1365 231 1430; x_wconf 90' lang='lat' dir='ltr'><strong>hoc</strong></span> <span class='ocrx_word' id='word_1_59' title='bbox 254 1371 368 1430; x_wconf 88' lang='lat' dir='ltr'><strong>cuncta</strong></span> <span class='ocrx_word' id='word_1_60' title='bbox 391 1360 560 1430; x_wconf 87' lang='lat' dir='ltr'><strong>effundunt</strong></span> <span class='ocrx_word' id='word_1_61' title='bbox 582 1364 681 1428; x_wconf 89' lang='lat' dir='ltr'><strong>animi</strong></span> <span class='ocrx_word' id='word_1_62' title='bbox 704 1371 838 1430; x_wconf 88' lang='lat' dir='ltr'><strong>secreta.</strong></span> <span class='ocrx_word' id='word_1_63' title='bbox 885 1363 964 1445; x_wconf 89' lang='lat' dir='ltr'><strong>quid</strong></span> <span class='ocrx_word' id='word_1_64' title='bbox 988 1365 1097 1429; x_wconf 82' lang='lat' dir='ltr'><strong>ultra?</strong></span> 
     </span>
     <span class='ocr_line' id='line_1_10' title="bbox 171 1475 1059 1560; baseline -0.001 -19"><span class='ocrx_word' id='word_1_65' title='bbox 171 1476 387 1542; x_wconf 88' lang='lat' dir='ltr'><strong>concumbunt</strong></span> <span class='ocrx_word' id='word_1_66' title='bbox 408 1495 535 1560; x_wconf 80' lang='lat' dir='ltr'><strong>graece.</strong></span> <span class='ocrx_word' id='word_1_67' title='bbox 582 1475 682 1541; x_wconf 85' lang='lat' dir='ltr'><strong>dones</strong></span> <span class='ocrx_word' id='word_1_68' title='bbox 705 1482 815 1541; x_wconf 90' lang='lat' dir='ltr'><strong>tamen</strong></span> <span class='ocrx_word' id='word_1_69' title='bbox 837 1477 902 1540; x_wconf 88' lang='lat' dir='ltr'><strong>ista</strong></span> <span class='ocrx_word' id='word_1_70' title='bbox 924 1475 1059 1559; x_wconf 88' lang='lat' dir='ltr'><strong>puellis:</strong></span> 
     </span>
     <span class='ocr_line' id='line_1_11' title="bbox 168 1587 1078 1670; baseline 0.002 -18"><span class='ocrx_word' id='word_1_71' title='bbox 168 1595 247 1653; x_wconf 90' lang='lat' dir='ltr'><strong>tune</strong></span> <span class='ocrx_word' id='word_1_72' title='bbox 271 1588 378 1670; x_wconf 89' lang='lat' dir='ltr'><strong>etiam,</strong></span> <span class='ocrx_word' id='word_1_73' title='bbox 402 1607 500 1670; x_wconf 90' lang='lat' dir='ltr'><strong>quam</strong></span> <span class='ocrx_word' id='word_1_74' title='bbox 523 1594 635 1653; x_wconf 81' lang='lat' dir='ltr'><strong>sextus</strong></span> <span class='ocrx_word' id='word_1_75' title='bbox 658 1594 691 1652; x_wconf 89' lang='lat' dir='ltr'><strong>et</strong></span> <span class='ocrx_word' id='word_1_76' title='bbox 714 1587 952 1669; x_wconf 78' lang='lat' dir='ltr'><strong>octogensimus</strong></span> <span class='ocrx_word' id='word_1_77' title='bbox 975 1607 1078 1654; x_wconf 85' lang='lat' dir='ltr'><strong>annus</strong></span> 
     </span>
     <span class='ocr_line' id='line_1_12' title="bbox 170 1697 1109 1783; baseline 0 -19"><span class='ocrx_word' id='word_1_78' title='bbox 170 1698 289 1783; x_wconf 89' lang='lat' dir='ltr'><strong>pulsat,</strong></span> <span class='ocrx_word' id='word_1_79' title='bbox 314 1697 420 1764; x_wconf 85' lang='lat' dir='ltr'><strong>adhuc</strong></span> <span class='ocrx_word' id='word_1_80' title='bbox 443 1699 584 1782; x_wconf 80' lang='lat' dir='ltr'><strong>graece?</strong></span> <span class='ocrx_word' id='word_1_81' title='bbox 608 1718 672 1764; x_wconf 94' lang='lat' dir='ltr'><strong>non</strong></span> <span class='ocrx_word' id='word_1_82' title='bbox 695 1705 746 1764; x_wconf 85' lang='lat' dir='ltr'><strong>est</strong></span> <span class='ocrx_word' id='word_1_83' title='bbox 767 1697 821 1763; x_wconf 90' lang='lat' dir='ltr'><strong>hic</strong></span> <span class='ocrx_word' id='word_1_84' title='bbox 844 1715 949 1764; x_wconf 87' lang='lat' dir='ltr'><strong>sermo</strong></span> <span class='ocrx_word' id='word_1_85' title='bbox 972 1697 1109 1782; x_wconf 89' lang='lat' dir='ltr'><strong>pudicus</strong></span> 
     </span>
     <span class='ocr_line' id='line_1_13' title="bbox 168 1809 1017 1893; baseline 0 -19"><span class='ocrx_word' id='word_1_86' title='bbox 168 1811 204 1875; x_wconf 91' lang='lat' dir='ltr'><strong>in</strong></span> <span class='ocrx_word' id='word_1_87' title='bbox 227 1813 344 1877; x_wconf 90' lang='lat' dir='ltr'><strong>vetula.</strong></span> <span class='ocrx_word' id='word_1_88' title='bbox 391 1811 538 1893; x_wconf 90' lang='lat' dir='ltr'><strong>quotiens</strong></span> <span class='ocrx_word' id='word_1_89' title='bbox 559 1811 718 1876; x_wconf 87' lang='lat' dir='ltr'><strong>lascivum</strong></span> <span class='ocrx_word' id='word_1_90' title='bbox 740 1809 913 1876; x_wconf 85' lang='lat' dir='ltr'><strong>intervenit</strong></span> <span class='ocrx_word' id='word_1_91' title='bbox 934 1809 1017 1874; x_wconf 89' lang='lat' dir='ltr'><strong>illud</strong></span> 
     </span>
    </p>

    <p class='ocr_par' dir='ltr' id='par_1_5' title="bbox 83 1917 900 2009">
     <span class='ocr_line' id='line_1_14' title="bbox 83 1917 900 2009; baseline 0.002 -25"><span class='ocrx_word' id='word_1_92' title='bbox 83 1931 143 1986; x_wconf 86' lang='lat'><strong>195</strong></span> <span class='ocrx_word' id='word_1_93' title='bbox 170 1919 235 2006; x_wconf 76' lang='grc' dir='ltr'><strong>ζωὴ</strong></span> <span class='ocrx_word' id='word_1_94' title='bbox 258 1919 309 1986; x_wconf 82' lang='grc' dir='ltr'><strong>καὶ</strong></span> <span class='ocrx_word' id='word_1_95' title='bbox 332 1917 424 2009; x_wconf 74' lang='grc' dir='ltr'>ψυχή,</span> <span class='ocrx_word' id='word_1_96' title='bbox 448 1921 543 1987; x_wconf 90' lang='lat' dir='ltr'><strong>modo</strong></span> <span class='ocrx_word' id='word_1_97' title='bbox 567 1921 626 1986; x_wconf 93' lang='lat' dir='ltr'><strong>sub</strong></span> <span class='ocrx_word' id='word_1_98' title='bbox 649 1921 755 1987; x_wconf 85' lang='lat' dir='ltr'><strong>lodice</strong></span> <span class='ocrx_word' id='word_1_99' title='bbox 778 1922 900 1986; x_wconf 89' lang='lat' dir='ltr'><strong>relictis</strong></span> 
     </span>
    </p>
   </div>
   <div class='ocr_carea' id='block_1_3' title="bbox 77 2092 1218 2494">
    <p class='ocr_par' dir='ltr' id='par_1_6' title="bbox 82 2092 756 2163">
     <span class='ocr_line' id='line_1_15' title="bbox 82 2092 756 2163; baseline 0.003 -20"><span class='ocrx_word' id='word_1_100' title='bbox 82 2129 84 2136; x_wconf 63' lang='grc'>.</span> <span class='ocrx_word' id='word_1_101' title='bbox 188 2095 245 2145; x_wconf 86' lang='lat'><strong>185.</strong></span> <span class='ocrx_word' id='word_1_102' title='bbox 281 2108 345 2148; x_wconf 87' lang='lat' dir='ltr'><strong>nam</strong></span> <span class='ocrx_word' id='word_1_103' title='bbox 364 2094 441 2163; x_wconf 87' lang='lat' dir='ltr'><strong>quid]</strong></span> <span class='ocrx_word' id='word_1_104' title='bbox 459 2093 597 2162; x_wconf 87' lang='lat' dir='ltr'><strong>numquid</strong></span> <span class='ocrx_word' id='word_1_105' title='bbox 616 2092 756 2146; x_wconf 73' lang='lat' dir='ltr'><strong>Heinrich.</strong></span> 
     </span>
    </p>

    <p class='ocr_par' dir='ltr' id='par_1_7' title="bbox 190 2177 972 2249">
     <span class='ocr_line' id='line_1_16' title="bbox 190 2177 972 2249; baseline 0.005 -19"><span class='ocrx_word' id='word_1_106' title='bbox 190 2181 246 2231; x_wconf 78' lang='lat'><strong>188.</strong></span> <span class='ocrx_word' id='word_1_107' title='bbox 284 2179 403 2232; x_wconf 76' lang='lat' dir='ltr'><strong>delebunt</strong></span> <span class='ocrx_word' id='word_1_108' title='bbox 424 2179 535 2234; x_wconf 69' lang='lat' dir='ltr'><strong>coarto</strong></span> <span class='ocrx_word' id='word_1_109' title='bbox 557 2179 668 2234; x_wconf 76' lang='lat' dir='ltr'><strong>Cramer</strong></span> <span class='ocrx_word' id='word_1_110' title='bbox 686 2177 801 2249; x_wconf 77' lang='lat' dir='ltr'><strong>Pinzycr</strong></span> <span class='ocrx_word' id='word_1_111' title='bbox 819 2180 972 2234; x_wconf 80' lang='lat' dir='ltr'><strong>Pcldamua</strong></span> 
     </span>
    </p>

    <p class='ocr_par' dir='ltr' id='par_1_8' title="bbox 77 2263 1218 2404">
     <span class='ocr_line' id='line_1_17' title="bbox 188 2263 1218 2338; baseline 0.003 -21"><span class='ocrx_word' id='word_1_112' title='bbox 188 2265 245 2317; x_wconf 85' lang='lat'><strong>195.</strong></span> <span class='ocrx_word' id='word_1_113' title='bbox 283 2265 349 2318; x_wconf 81' lang='lat' dir='ltr'><strong>Post</strong></span> <span class='ocrx_word' id='word_1_114' title='bbox 367 2265 438 2338; x_wconf 79' lang='grc' dir='ltr'>ψυχή</span> <span class='ocrx_word' id='word_1_115' title='bbox 463 2264 567 2334; x_wconf 76' lang='lat' dir='ltr'><strong>sipnum</strong></span> <span class='ocrx_word' id='word_1_116' title='bbox 585 2263 802 2334; x_wconf 75' lang='lat' dir='ltr'><strong>inierroyatr&#39;onr‘s</strong></span> <span class='ocrx_word' id='word_1_117' title='bbox 821 2265 903 2335; x_wconf 74' lang='lat' dir='ltr'><strong>ponit</strong></span> <span class='ocrx_word' id='word_1_118' title='bbox 921 2265 1063 2334; x_wconf 75' lang='lat' dir='ltr'><strong>Heinrich,</strong></span> <span class='ocrx_word' id='word_1_119' title='bbox 1089 2269 1218 2321; x_wconf 74' lang='lat' dir='ltr'><strong>exclama-</strong></span> 
     </span>
     <span class='ocr_line' id='line_1_18' title="bbox 77 2349 279 2404; baseline -0.015 0"><span class='ocrx_word' id='word_1_120' title='bbox 77 2351 163 2404; x_wconf 72' lang='lat' dir='ltr'><strong>tionis</strong></span> <span class='ocrx_word' id='word_1_121' title='bbox 183 2349 279 2404; x_wconf 61' lang='lat' dir='ltr'><strong>Lewze.</strong></span> 
     </span>
    </p>

    <p class='ocr_par' dir='ltr' id='par_1_9' title="bbox 189 2435 1217 2494">
     <span class='ocr_line' id='line_1_19' title="bbox 189 2435 1217 2494; baseline 0.007 -8"><span class='ocrx_word' id='word_1_122' title='bbox 189 2436 247 2487; x_wconf 83' lang='lat'><strong>195.</strong></span> <span class='ocrx_word' id='word_1_123' title='bbox 267 2437 325 2488; x_wconf 86' lang='grc'>196.</span> <span class='ocrx_word' id='word_1_124' title='bbox 361 2435 445 2491; x_wconf 88' lang='lat' dir='ltr'><strong>modo</strong></span> <span class='ocrx_word' id='word_1_125' title='bbox 464 2436 517 2491; x_wconf 88' lang='lat' dir='ltr'><strong>sub</strong></span> <span class='ocrx_word' id='word_1_126' title='bbox 534 2435 629 2491; x_wconf 85' lang='lat' dir='ltr'><strong>lodice</strong></span> <span class='ocrx_word' id='word_1_127' title='bbox 647 2435 751 2491; x_wconf 85' lang='lat' dir='ltr'><strong>relicta</strong></span> <span class='ocrx_word' id='word_1_128' title='bbox 769 2436 897 2492; x_wconf 86' lang='lat' dir='ltr'><strong>Verteris</strong></span> <span class='ocrx_word' id='word_1_129' title='bbox 916 2439 946 2492; x_wconf 93' lang='lat' dir='ltr'><strong>iu</strong></span> <span class='ocrx_word' id='word_1_130' title='bbox 963 2438 1048 2494; x_wconf 88' lang='lat' dir='ltr'><strong>turba</strong></span> <span class='ocrx_word' id='word_1_131' title='bbox 1066 2439 1217 2493; x_wconf 78' lang='lat' dir='ltr'><strong>Francken.</strong></span> 
     </span>
    </p>
   </div>
   <div class='ocr_carea' id='block_1_4' title="bbox 77 2545 292 2556">
    <p class='ocr_par' dir='ltr' id='par_1_10' title="bbox 77 2545 292 2556">
     <span class='ocr_line' id='line_1_20' title="bbox 77 2545 292 2556; baseline -0.014 0"><span class='ocrx_word' id='word_1_132' title='bbox 77 2545 292 2556; x_wconf 50' lang='lat' dir='ltr'>§.u—..—</span> 
     </span>
    </p>
   </div>
   <div class='ocr_carea' id='block_1_5' title="bbox 190 2567 1219 2668">
    <p class='ocr_par' dir='ltr' id='par_1_11' title="bbox 190 2567 1219 2668">
     <span class='ocr_line' id='line_1_21' title="bbox 190 2567 1219 2668; baseline 0.004 -15"><span class='ocrx_word' id='word_1_133' title='bbox 190 2602 246 2653; x_wconf 81' lang='grc'>191,</span> <span class='ocrx_word' id='word_1_134' title='bbox 282 2598 377 2668; x_wconf 89' lang='lat' dir='ltr'><strong>Apoll.</strong></span> <span class='ocrx_word' id='word_1_135' title='bbox 396 2598 492 2654; x_wconf 83' lang='lat' dir='ltr'><strong>Sidon.</strong></span> <span class='ocrx_word' id='word_1_136' title='bbox 511 2599 583 2668; x_wconf 85' lang='lat' dir='ltr'><strong>Epp.</strong></span> <span class='ocrx_word' id='word_1_137' title='bbox 596 2599 624 2653; x_wconf 92' lang='lat' dir='ltr'>V</span> <span class='ocrx_word' id='word_1_138' title='bbox 636 2601 688 2667; x_wconf 84' lang='lat'><strong>9‚4</strong></span> <span class='ocrx_word' id='word_1_139' title='bbox 713 2600 743 2654; x_wconf 92' lang='lat' dir='ltr'><strong>in</strong></span> <span class='ocrx_word' id='word_1_140' title='bbox 766 2600 848 2655; x_wconf 87' lang='lat' dir='ltr'><strong>annis</strong></span> <span class='ocrx_word' id='word_1_141' title='bbox 873 2601 928 2655; x_wconf 85' lang='lat' dir='ltr'><strong>ium</strong></span> <span class='ocrx_word' id='word_1_142' title='bbox 952 2601 1108 2657; x_wconf 84' lang='lat' dir='ltr'><strong>senectutis</strong></span> <span class='ocrx_word' id='word_1_143' title='bbox 1125 2567 1219 2657; x_wconf 87' lang='lat' dir='ltr'><strong>initia</strong></span> 
     </span>
    </p>
   </div>
   <div class='ocr_carea' id='block_1_6' title="bbox 75 2685 271 2757">
    <p class='ocr_par' dir='ltr' id='par_1_12' title="bbox 75 2685 271 2757">
     <span class='ocr_line' id='line_1_22' title="bbox 75 2685 271 2757; baseline -0.02 -15"><span class='ocrx_word' id='word_1_144' title='bbox 75 2685 271 2757; x_wconf 86' lang='lat' dir='ltr'><strong>pulsantibus.</strong></span> 
     </span>
    </p>
   </div>
   <div class='ocr_carea' id='block_1_7' title="bbox 77 2848 1220 4464">
    <p class='ocr_par' dir='ltr' id='par_1_13' title="bbox 78 2848 1217 3006">
     <span class='ocr_line' id='line_1_23' title="bbox 154 2848 1217 2920; baseline 0.003 -17"><span class='ocrx_word' id='word_1_145' title='bbox 154 2853 211 2903; x_wconf 85' lang='grc'>183.</span> <span class='ocrx_word' id='word_1_146' title='bbox 248 2849 327 2920; x_wconf 78' lang='lat' dir='ltr'><strong>inque</strong></span> <span class='ocrx_word' id='word_1_147' title='bbox 345 2849 414 2902; x_wconf 77' lang='lat' dir='ltr'><strong>diem</strong></span> <span class='ocrx_word' id='word_1_148' title='bbox 436 2848 551 2919; x_wconf 71' lang='lat' dir='ltr'><strong>septenis</strong></span> <span class='ocrx_word' id='word_1_149' title='bbox 574 2850 647 2902; x_wconf 79' lang='lat' dir='ltr'><strong>torio</strong></span> <span class='ocrx_word' id='word_1_150' title='bbox 669 2849 803 2906; x_wconf 78' lang='lat' dir='ltr'><strong>wiihreud</strong></span> <span class='ocrx_word' id='word_1_151' title='bbox 825 2850 875 2906; x_wconf 86' lang='lat' dir='ltr'><strong>des</strong></span> <span class='ocrx_word' id='word_1_152' title='bbox 897 2854 1028 2920; x_wconf 73' lang='lat' dir='ltr'><strong>grossam</strong></span> <span class='ocrx_word' id='word_1_153' title='bbox 1046 2849 1142 2906; x_wconf 86' lang='lat' dir='ltr'><strong>Theils</strong></span> <span class='ocrx_word' id='word_1_154' title='bbox 1166 2851 1217 2906; x_wconf 89' lang='lat' dir='ltr'><strong>des</strong></span> 
     </span>
     <span class='ocr_line' id='line_1_24' title="bbox 78 2934 680 3006; baseline -0.007 -14"><span class='ocrx_word' id='word_1_155' title='bbox 78 2941 142 3003; x_wconf 82' lang='lat' dir='ltr'><strong>(aus</strong></span> <span class='ocrx_word' id='word_1_156' title='bbox 163 2937 195 2988; x_wconf 83' lang='lat'><strong>12</strong></span> <span class='ocrx_word' id='word_1_157' title='bbox 214 2934 343 2991; x_wconf 85' lang='lat' dir='ltr'><strong>Stunden</strong></span> <span class='ocrx_word' id='word_1_158' title='bbox 360 2935 560 3000; x_wconf 84' lang='lat' dir='ltr'><strong>bestehendeu)</strong></span> <span class='ocrx_word' id='word_1_159' title='bbox 578 2935 680 3006; x_wconf 84' lang='lat' dir='ltr'><strong>Tages.</strong></span> 
     </span>
    </p>

    <p class='ocr_par' dir='ltr' id='par_1_14' title="bbox 77 3020 1217 3334">
     <span class='ocr_line' id='line_1_25' title="bbox 155 3020 1217 3093; baseline 0.002 -19"><span class='ocrx_word' id='word_1_160' title='bbox 155 3023 212 3074; x_wconf 86' lang='grc'>186.</span> <span class='ocrx_word' id='word_1_161' title='bbox 248 3021 279 3074; x_wconf 81' lang='lat' dir='ltr'><strong>de</strong></span> <span class='ocrx_word' id='word_1_162' title='bbox 302 3023 388 3074; x_wconf 80' lang='lat' dir='ltr'><strong>Tusca</strong></span> <span class='ocrx_word' id='word_1_163' title='bbox 411 3022 544 3074; x_wconf 79' lang='lat' dir='ltr'><strong>Graecula</strong></span> <span class='ocrx_word' id='word_1_164' title='bbox 555 3024 645 3093; x_wconf 81' lang='lat' dir='ltr'><strong>suctu.</strong></span> <span class='ocrx_word' id='word_1_165' title='bbox 681 3020 745 3091; x_wconf 79' lang='lat' dir='ltr'><strong>vgl.</strong></span> <span class='ocrx_word' id='word_1_166' title='bbox 763 3021 842 3078; x_wconf 76' lang='lat' dir='ltr'><strong>Mart.</strong></span> <span class='ocrx_word' id='word_1_167' title='bbox 861 3021 888 3076; x_wconf 88' lang='lat' dir='ltr'>X</span> <span class='ocrx_word' id='word_1_168' title='bbox 907 3023 948 3086; x_wconf 83' lang='lat'><strong>68,</strong></span> <span class='ocrx_word' id='word_1_169' title='bbox 966 3037 1011 3075; x_wconf 84' lang='lat' dir='ltr'><strong>wo</strong></span> <span class='ocrx_word' id='word_1_170' title='bbox 1030 3021 1093 3076; x_wconf 84' lang='lat' dir='ltr'><strong>eine</strong></span> <span class='ocrx_word' id='word_1_171' title='bbox 1111 3021 1217 3088; x_wconf 87' lang='lat' dir='ltr'><strong>Laelia,</strong></span> 
     </span>
     <span class='ocr_line' id='line_1_26' title="bbox 79 3105 1217 3176; baseline 0 -14"><span class='ocrx_word' id='word_1_172' title='bbox 79 3108 171 3162; x_wconf 87' lang='lat' dir='ltr'><strong>deren</strong></span> <span class='ocrx_word' id='word_1_173' title='bbox 183 3105 281 3162; x_wconf 85' lang='lat' dir='ltr'><strong>Eltorn</strong></span> <span class='ocrx_word' id='word_1_174' title='bbox 294 3107 341 3163; x_wconf 92' lang='lat' dir='ltr'><strong>ein</strong></span> <span class='ocrx_word' id='word_1_175' title='bbox 353 3105 502 3162; x_wconf 83' lang='lat' dir='ltr'><strong>Africaner</strong></span> <span class='ocrx_word' id='word_1_176' title='bbox 520 3107 578 3161; x_wconf 89' lang='lat' dir='ltr'><strong>und</strong></span> <span class='ocrx_word' id='word_1_177' title='bbox 592 3106 655 3162; x_wconf 87' lang='lat' dir='ltr'><strong>eins</strong></span> <span class='ocrx_word' id='word_1_178' title='bbox 667 3105 836 3162; x_wconf 85' lang='lat' dir='ltr'><strong>Etruskeriu</strong></span> <span class='ocrx_word' id='word_1_179' title='bbox 853 3107 925 3173; x_wconf 85' lang='lat' dir='ltr'><strong>sind,</strong></span> <span class='ocrx_word' id='word_1_180' title='bbox 944 3121 1041 3176; x_wconf 85' lang='lat' dir='ltr'><strong>wegen</strong></span> <span class='ocrx_word' id='word_1_181' title='bbox 1060 3107 1109 3162; x_wconf 89' lang='lat' dir='ltr'><strong>der</strong></span> <span class='ocrx_word' id='word_1_182' title='bbox 1121 3107 1217 3175; x_wconf 85' lang='lat' dir='ltr'><strong>Sucht,</strong></span> 
     </span>
     <span class='ocr_line' id='line_1_27' title="bbox 77 3191 1216 3263; baseline 0 -16"><span class='ocrx_word' id='word_1_183' title='bbox 77 3192 244 3263; x_wconf 83' lang='lat' dir='ltr'><strong>griechisch</strong></span> <span class='ocrx_word' id='word_1_184' title='bbox 256 3209 291 3247; x_wconf 84' lang='lat' dir='ltr'><strong>au</strong></span> <span class='ocrx_word' id='word_1_185' title='bbox 303 3192 447 3262; x_wconf 87' lang='lat' dir='ltr'><strong>sprechen,</strong></span> <span class='ocrx_word' id='word_1_186' title='bbox 460 3193 588 3262; x_wconf 82' lang='lat' dir='ltr'><strong>getadelt</strong></span> <span class='ocrx_word' id='word_1_187' title='bbox 598 3193 677 3248; x_wconf 86' lang='lat' dir='ltr'><strong>wird.</strong></span> <span class='ocrx_word' id='word_1_188' title='bbox 701 3192 753 3249; x_wconf 75' lang='lat' dir='ltr'><strong>SG.</strong></span> <span class='ocrx_word' id='word_1_189' title='bbox 767 3193 851 3248; x_wconf 84' lang='grc'>1494.</span> <span class='ocrx_word' id='word_1_190' title='bbox 881 3194 967 3246; x_wconf 79' lang='lat' dir='ltr'><strong>Tusca</strong></span> <span class='ocrx_word' id='word_1_191' title='bbox 978 3191 1024 3248; x_wconf 83' lang='lat' dir='ltr'><strong>fiir</strong></span> <span class='ocrx_word' id='word_1_192' title='bbox 1037 3191 1216 3260; x_wconf 80' lang='lat' dir='ltr'><strong>Italienerin3</strong></span> 
     </span>
     <span class='ocr_line' id='line_1_28' title="bbox 78 3281 195 3334; baseline -0.034 0"><span class='ocrx_word' id='word_1_193' title='bbox 78 3281 195 3334; x_wconf 80' lang='grc'>111289.</span> 
     </span>
    </p>

    <p class='ocr_par' dir='ltr' id='par_1_15' title="bbox 155 3348 833 3434">
     <span class='ocr_line' id='line_1_29' title="bbox 155 3348 833 3434; baseline 0.004 -19"><span class='ocrx_word' id='word_1_194' title='bbox 155 3365 212 3416; x_wconf 83' lang='grc'>187.</span> <span class='ocrx_word' id='word_1_195' title='bbox 248 3381 322 3421; x_wconf 83' lang='lat' dir='ltr'><strong>mera</strong></span> <span class='ocrx_word' id='word_1_196' title='bbox 343 3348 468 3434; x_wconf 74' lang='lat' dir='ltr'><strong>Cecropio</strong></span> <span class='ocrx_word' id='word_1_197' title='bbox 486 3365 550 3420; x_wconf 86' lang='lat' dir='ltr'><strong>eine</strong></span> <span class='ocrx_word' id='word_1_198' title='bbox 569 3364 650 3422; x_wconf 84' lang='lat' dir='ltr'><strong>echte</strong></span> <span class='ocrx_word' id='word_1_199' title='bbox 667 3364 833 3422; x_wconf 84' lang='lat' dir='ltr'><strong>Athenariu.</strong></span> 
     </span>
    </p>

    <p class='ocr_par' dir='ltr' id='par_1_16' title="bbox 78 3450 1216 3607">
     <span class='ocr_line' id='line_1_30' title="bbox 153 3450 1216 3520; baseline 0.004 -19"><span class='ocrx_word' id='word_1_200' title='bbox 153 3451 211 3502; x_wconf 78' lang='grc'>188.</span> <span class='ocrx_word' id='word_1_201' title='bbox 249 3453 325 3518; x_wconf 81' lang='lat' dir='ltr'><strong>turpe</strong></span> <span class='ocrx_word' id='word_1_202' title='bbox 348 3480 381 3488; x_wconf 89' lang='lat'><em>-</em></span> <span class='ocrx_word' id='word_1_203' title='bbox 405 3450 506 3504; x_wconf 76' lang='lat' dir='ltr'><strong>nescire</strong></span> <span class='ocrx_word' id='word_1_204' title='bbox 529 3450 610 3505; x_wconf 76' lang='lat' dir='ltr'><strong>latino</strong></span> <span class='ocrx_word' id='word_1_205' title='bbox 632 3451 688 3520; x_wconf 84' lang='lat' dir='ltr'><strong>vgl.</strong></span> <span class='ocrx_word' id='word_1_206' title='bbox 708 3451 765 3507; x_wconf 79' lang='lat' dir='ltr'><strong>Cic.</strong></span> <span class='ocrx_word' id='word_1_207' title='bbox 784 3453 892 3516; x_wconf 76' lang='lat' dir='ltr'><strong>Brut.§</strong></span> <span class='ocrx_word' id='word_1_208' title='bbox 913 3453 961 3503; x_wconf 84' lang='lat'><strong>140</strong></span> <span class='ocrx_word' id='word_1_209' title='bbox 979 3467 1037 3506; x_wconf 87' lang='lat' dir='ltr'><strong>non</strong></span> <span class='ocrx_word' id='word_1_210' title='bbox 1059 3452 1134 3506; x_wconf 85' lang='lat' dir='ltr'><strong>enim</strong></span> <span class='ocrx_word' id='word_1_211' title='bbox 1159 3456 1216 3506; x_wconf 86' lang='lat' dir='ltr'><strong>tam</strong></span> 
     </span>
     <span class='ocr_line' id='line_1_31' title="bbox 78 3535 857 3607; baseline 0 -17"><span class='ocrx_word' id='word_1_212' title='bbox 78 3535 261 3605; x_wconf 84' lang='lat' dir='ltr'><strong>praeclarum</strong></span> <span class='ocrx_word' id='word_1_213' title='bbox 279 3540 322 3590; x_wconf 91' lang='lat' dir='ltr'><strong>est</strong></span> <span class='ocrx_word' id='word_1_214' title='bbox 339 3536 412 3590; x_wconf 88' lang='lat' dir='ltr'><strong>scire</strong></span> <span class='ocrx_word' id='word_1_215' title='bbox 430 3535 519 3592; x_wconf 88' lang='lat' dir='ltr'><strong>latine</strong></span> <span class='ocrx_word' id='word_1_216' title='bbox 538 3552 621 3605; x_wconf 86' lang='lat' dir='ltr'><strong>quam</strong></span> <span class='ocrx_word' id='word_1_217' title='bbox 639 3543 722 3607; x_wconf 86' lang='lat' dir='ltr'><strong>turpe</strong></span> <span class='ocrx_word' id='word_1_218' title='bbox 739 3539 857 3594; x_wconf 88' lang='lat' dir='ltr'><strong>nescire.</strong></span> 
     </span>
    </p>

    <p class='ocr_par' dir='ltr' id='par_1_17' title="bbox 154 3621 793 3692">
     <span class='ocr_line' id='line_1_32' title="bbox 154 3621 793 3692; baseline 0.006 -20"><span class='ocrx_word' id='word_1_219' title='bbox 154 3623 210 3672; x_wconf 82' lang='lat'><strong>191.</strong></span> <span class='ocrx_word' id='word_1_220' title='bbox 242 3621 360 3690; x_wconf 61' lang='lat' dir='ltr'><strong>puellos:</strong></span> <span class='ocrx_word' id='word_1_221' title='bbox 378 3625 484 3692; x_wconf 77' lang='lat' dir='ltr'><strong>jnnpen</strong></span> <span class='ocrx_word' id='word_1_222' title='bbox 502 3623 619 3678; x_wconf 62' lang='lat' dir='ltr'><strong>hauan.</strong></span> <span class='ocrx_word' id='word_1_223' title='bbox 637 3657 639 3661; x_wconf 34' lang='grc' dir='ltr'><strong>ν</strong></span> <span class='ocrx_word' id='word_1_224' title='bbox 656 3624 697 3678; x_wconf 88' lang='lat' dir='ltr'><strong>Zu</strong></span> <span class='ocrx_word' id='word_1_225' title='bbox 715 3626 739 3690; x_wconf 82' lang='lat'><strong>4,</strong></span> <span class='ocrx_word' id='word_1_226' title='bbox 753 3625 793 3676; x_wconf 89' lang='grc'><strong>36.</strong></span> 
     </span>
    </p>

    <p class='ocr_par' dir='ltr' id='par_1_18' title="bbox 79 3707 1220 4122">
     <span class='ocr_line' id='line_1_33' title="bbox 154 3707 1215 3778; baseline 0.004 -19"><span class='ocrx_word' id='word_1_227' title='bbox 154 3709 210 3759; x_wconf 81' lang='grc'>191.</span> <span class='ocrx_word' id='word_1_228' title='bbox 247 3725 328 3776; x_wconf 81' lang='lat' dir='ltr'><strong>qnam</strong></span> <span class='ocrx_word' id='word_1_229' title='bbox 345 3711 435 3762; x_wconf 67' lang='lat' dir='ltr'><strong>senon</strong></span> <span class='ocrx_word' id='word_1_230' title='bbox 453 3712 478 3760; x_wconf 80' lang='lat' dir='ltr'><strong>at</strong></span> <span class='ocrx_word' id='word_1_231' title='bbox 497 3707 686 3778; x_wconf 76' lang='lat' dir='ltr'><strong>octoyenaimua</strong></span> <span class='ocrx_word' id='word_1_232' title='bbox 708 3727 794 3762; x_wconf 80' lang='lat' dir='ltr'><strong>annus</strong></span> <span class='ocrx_word' id='word_1_233' title='bbox 813 3709 915 3774; x_wconf 72' lang='lat' dir='ltr'><strong>Putaui,</strong></span> <span class='ocrx_word' id='word_1_234' title='bbox 941 3725 972 3763; x_wconf 89' lang='lat' dir='ltr'><strong>so</strong></span> <span class='ocrx_word' id='word_1_235' title='bbox 991 3708 1048 3764; x_wconf 86' lang='lat' dir='ltr'><strong>viel</strong></span> <span class='ocrx_word' id='word_1_236' title='bbox 1068 3709 1109 3762; x_wconf 89' lang='lat' dir='ltr'><strong>als</strong></span> <span class='ocrx_word' id='word_1_237' title='bbox 1133 3708 1215 3763; x_wconf 81' lang='lat' dir='ltr'><strong>cuius</strong></span> 
     </span>
     <span class='ocr_line' id='line_1_34' title="bbox 80 3791 1215 3863; baseline 0.001 -16"><span class='ocrx_word' id='word_1_238' title='bbox 80 3793 198 3848; x_wconf 87' lang='lat' dir='ltr'><strong>ianuam</strong></span> <span class='ocrx_word' id='word_1_239' title='bbox 215 3793 312 3861; x_wconf 85' lang='lat' dir='ltr'><strong>pulsat</strong></span> <span class='ocrx_word' id='word_1_240' title='bbox 330 3793 398 3847; x_wconf 89' lang='lat' dir='ltr'><strong>oder</strong></span> <span class='ocrx_word' id='word_1_241' title='bbox 417 3791 453 3848; x_wconf 85' lang='lat' dir='ltr'><strong>ud</strong></span> <span class='ocrx_word' id='word_1_242' title='bbox 472 3809 555 3863; x_wconf 87' lang='lat' dir='ltr'><strong>quam</strong></span> <span class='ocrx_word' id='word_1_243' title='bbox 573 3794 680 3862; x_wconf 88' lang='lat' dir='ltr'><strong>pulsat,</strong></span> <span class='ocrx_word' id='word_1_244' title='bbox 706 3794 753 3850; x_wconf 86' lang='lat' dir='ltr'><strong>bei</strong></span> <span class='ocrx_word' id='word_1_245' title='bbox 779 3795 828 3850; x_wconf 91' lang='lat' dir='ltr'><strong>der</strong></span> <span class='ocrx_word' id='word_1_246' title='bbox 851 3794 901 3848; x_wconf 85' lang='lat' dir='ltr'><strong>dus</strong></span> <span class='ocrx_word' id='word_1_247' title='bbox 927 3795 966 3846; x_wconf 82' lang='lat'><strong>86.</strong></span> <span class='ocrx_word' id='word_1_248' title='bbox 985 3793 1055 3850; x_wconf 84' lang='lat' dir='ltr'><strong>Jahr</strong></span> <span class='ocrx_word' id='word_1_249' title='bbox 1077 3792 1215 3862; x_wconf 84' lang='lat' dir='ltr'><strong>anklopft,</strong></span> 
     </span>
     <span class='ocr_line' id='line_1_35' title="bbox 79 3877 1216 3949; baseline 0.001 -16"><span class='ocrx_word' id='word_1_250' title='bbox 79 3879 138 3948; x_wconf 82' lang='lat' dir='ltr'><strong>vgl.</strong></span> <span class='ocrx_word' id='word_1_251' title='bbox 151 3878 299 3948; x_wconf 81' lang='lat' dir='ltr'><strong>Kiessliug</strong></span> <span class='ocrx_word' id='word_1_252' title='bbox 317 3895 351 3934; x_wconf 82' lang='lat' dir='ltr'><strong>nu</strong></span> <span class='ocrx_word' id='word_1_253' title='bbox 369 3877 543 3947; x_wconf 82' lang='lat' dir='ltr'><strong>Hor.O.14‚</strong></span> <span class='ocrx_word' id='word_1_254' title='bbox 558 3881 588 3931; x_wconf 89' lang='grc'>13</span> <span class='ocrx_word' id='word_1_255' title='bbox 609 3879 723 3949; x_wconf 84' lang='lat' dir='ltr'><strong>(pallida</strong></span> <span class='ocrx_word' id='word_1_256' title='bbox 740 3880 814 3935; x_wconf 84' lang='lat' dir='ltr'><strong>liora</strong></span> <span class='ocrx_word' id='word_1_257' title='bbox 833 3894 924 3948; x_wconf 84' lang='lat' dir='ltr'><strong>aequo</strong></span> <span class='ocrx_word' id='word_1_258' title='bbox 942 3879 1038 3948; x_wconf 88' lang='lat' dir='ltr'><strong>pulsat</strong></span> <span class='ocrx_word' id='word_1_259' title='bbox 1055 3881 1127 3949; x_wconf 87' lang='lat' dir='ltr'><strong>pede</strong></span> <span class='ocrx_word' id='word_1_260' title='bbox 1145 3893 1216 3948; x_wconf 85' lang='lat' dir='ltr'><strong>pau·</strong></span> 
     </span>
     <span class='ocr_line' id='line_1_36' title="bbox 79 3963 1220 4039; baseline -0.004 -19"><span class='ocrx_word' id='word_1_261' title='bbox 79 3980 179 4036; x_wconf 89' lang='lat' dir='ltr'><strong>perum</strong></span> <span class='ocrx_word' id='word_1_262' title='bbox 197 3964 347 4032; x_wconf 85' lang='lat' dir='ltr'><strong>tabernas),</strong></span> <span class='ocrx_word' id='word_1_263' title='bbox 365 3964 486 4020; x_wconf 87' lang='lat' dir='ltr'><strong>welehor</strong></span> <span class='ocrx_word' id='word_1_264' title='bbox 503 3963 610 4020; x_wconf 82' lang='lat' dir='ltr'><strong>Gallim.</strong></span> <span class='ocrx_word' id='word_1_265' title='bbox 624 3965 654 4020; x_wconf 93' lang='lat' dir='ltr'><strong>iu</strong></span> <span class='ocrx_word' id='word_1_266' title='bbox 666 3964 763 4034; x_wconf 83' lang='lat' dir='ltr'><strong>Apoll.</strong></span> <span class='ocrx_word' id='word_1_267' title='bbox 778 3967 792 4017; x_wconf 88' lang='lat'><strong>3</strong></span> <span class='ocrx_word' id='word_1_268' title='bbox 805 3966 848 4019; x_wconf 81' lang='lat' dir='ltr'><strong>nul</strong></span> <span class='ocrx_word' id='word_1_269' title='bbox 867 3966 949 4036; x_wconf 79' lang='grc' dir='ltr'>δήπου</span> <span class='ocrx_word' id='word_1_270' title='bbox 967 3966 999 4020; x_wconf 77' lang='grc' dir='ltr'><strong>τὰ</strong></span> <span class='ocrx_word' id='word_1_271' title='bbox 1017 3964 1128 4037; x_wconf 75' lang='grc' dir='ltr'>θύρετρα</span> <span class='ocrx_word' id='word_1_272' title='bbox 1145 3963 1220 4039; x_wconf 70' lang='grc' dir='ltr'><strong>καλῷ</strong></span> 
     </span>
     <span class='ocr_line' id='line_1_37' title="bbox 80 4047 1009 4122; baseline -0.001 -18"><span class='ocrx_word' id='word_1_273' title='bbox 80 4050 141 4104; x_wconf 80' lang='grc' dir='ltr'>ποδὶ</span> <span class='ocrx_word' id='word_1_274' title='bbox 159 4047 257 4120; x_wconf 85' lang='grc' dir='ltr'><strong>Φοῖβος</strong></span> <span class='ocrx_word' id='word_1_275' title='bbox 276 4050 379 4122; x_wconf 64' lang='lat' dir='ltr'><strong>&amp;prisca</strong></span> <span class='ocrx_word' id='word_1_276' title='bbox 398 4049 516 4107; x_wconf 80' lang='lat' dir='ltr'><strong>anffihrt.</strong></span> <span class='ocrx_word' id='word_1_277' title='bbox 552 4049 647 4120; x_wconf 85' lang='lat' dir='ltr'><strong>Apoll.</strong></span> <span class='ocrx_word' id='word_1_278' title='bbox 661 4050 757 4106; x_wconf 86' lang='lat' dir='ltr'><strong>Sidon.</strong></span> <span class='ocrx_word' id='word_1_279' title='bbox 771 4049 800 4106; x_wconf 83' lang='lat' dir='ltr'><strong>O.</strong></span> <span class='ocrx_word' id='word_1_280' title='bbox 814 4050 908 4106; x_wconf 84' lang='lat'>11416</span> <span class='ocrx_word' id='word_1_281' title='bbox 927 4051 1009 4107; x_wconf 80' lang='lat' dir='ltr'><strong>oben.</strong></span> 
     </span>
    </p>

    <p class='ocr_par' dir='ltr' id='par_1_19' title="bbox 80 4133 1216 4380">
     <span class='ocr_line' id='line_1_38' title="bbox 153 4133 1216 4204; baseline 0.003 -15"><span class='ocrx_word' id='word_1_282' title='bbox 153 4136 210 4189; x_wconf 83' lang='lat'><strong>195.</strong></span> <span class='ocrx_word' id='word_1_283' title='bbox 246 4133 310 4202; x_wconf 83' lang='grc' dir='ltr'><strong>Ζωὴ</strong></span> <span class='ocrx_word' id='word_1_284' title='bbox 331 4136 378 4189; x_wconf 83' lang='grc' dir='ltr'><strong>καὶ</strong></span> <span class='ocrx_word' id='word_1_285' title='bbox 402 4133 486 4204; x_wconf 82' lang='grc' dir='ltr'>ψυχή.</span> <span class='ocrx_word' id='word_1_286' title='bbox 527 4137 601 4192; x_wconf 89' lang='lat' dir='ltr'><strong>Dass</strong></span> <span class='ocrx_word' id='word_1_287' title='bbox 626 4137 780 4193; x_wconf 88' lang='lat' dir='ltr'><strong>besonders</strong></span> <span class='ocrx_word' id='word_1_288' title='bbox 806 4153 863 4192; x_wconf 93' lang='lat' dir='ltr'><strong>von</strong></span> <span class='ocrx_word' id='word_1_289' title='bbox 889 4135 1053 4192; x_wconf 87' lang='lat' dir='ltr'><strong>Verliebten</strong></span> <span class='ocrx_word' id='word_1_290' title='bbox 1082 4135 1216 4192; x_wconf 75' lang='lat' dir='ltr'><strong>uiirtliche</strong></span> 
     </span>
     <span class='ocr_line' id='line_1_39' title="bbox 80 4220 1214 4292; baseline -0.004 -15"><span class='ocrx_word' id='word_1_291' title='bbox 80 4220 258 4292; x_wconf 79' lang='lat' dir='ltr'><strong>griechische</strong></span> <span class='ocrx_word' id='word_1_292' title='bbox 270 4221 393 4278; x_wconf 88' lang='lat' dir='ltr'><strong>Phrasen</strong></span> <span class='ocrx_word' id='word_1_293' title='bbox 411 4222 567 4292; x_wconf 78' lang='lat' dir='ltr'><strong>gebraucht</strong></span> <span class='ocrx_word' id='word_1_294' title='bbox 584 4223 708 4289; x_wconf 76' lang='lat' dir='ltr'><strong>wurden</strong></span> <span class='ocrx_word' id='word_1_295' title='bbox 726 4222 846 4292; x_wconf 82' lang='lat' dir='ltr'><strong>bezeugt</strong></span> <span class='ocrx_word' id='word_1_296' title='bbox 864 4222 952 4278; x_wconf 87' lang='lat' dir='ltr'><strong>sehon</strong></span> <span class='ocrx_word' id='word_1_297' title='bbox 964 4222 1074 4277; x_wconf 89' lang='lat' dir='ltr'><strong>Lucret.</strong></span> <span class='ocrx_word' id='word_1_298' title='bbox 1085 4221 1127 4276; x_wconf 86' lang='lat' dir='ltr'><strong>IV</strong></span> <span class='ocrx_word' id='word_1_299' title='bbox 1141 4223 1214 4288; x_wconf 88' lang='grc'>1166,</span> 
     </span>
     <span class='ocr_line' id='line_1_40' title="bbox 80 4305 740 4380; baseline -0.003 -18"><span class='ocrx_word' id='word_1_300' title='bbox 80 4309 162 4363; x_wconf 75' lang='lat' dir='ltr'><strong>Mart.</strong></span> <span class='ocrx_word' id='word_1_301' title='bbox 176 4305 203 4360; x_wconf 88' lang='lat' dir='ltr'>X</span> <span class='ocrx_word' id='word_1_302' title='bbox 216 4307 249 4360; x_wconf 76' lang='lat'><strong>68</strong></span> <span class='ocrx_word' id='word_1_303' title='bbox 267 4307 340 4379; x_wconf 69' lang='grc' dir='ltr'><strong>κύριέ</strong></span> <span class='ocrx_word' id='word_1_304' title='bbox 358 4327 416 4376; x_wconf 83' lang='grc' dir='ltr'><strong>μου,</strong></span> <span class='ocrx_word' id='word_1_305' title='bbox 437 4307 494 4378; x_wconf 78' lang='grc' dir='ltr'>μέλι</span> <span class='ocrx_word' id='word_1_306' title='bbox 514 4327 572 4376; x_wconf 88' lang='grc' dir='ltr'><strong>μου,</strong></span> <span class='ocrx_word' id='word_1_307' title='bbox 591 4308 662 4380; x_wconf 78' lang='grc' dir='ltr'>ψυχή</span> <span class='ocrx_word' id='word_1_308' title='bbox 683 4326 740 4376; x_wconf 86' lang='grc' dir='ltr'>μου.</span> 
     </span>
    </p>

    <p class='ocr_par' dir='ltr' id='par_1_20' title="bbox 150 4391 1216 4464">
     <span class='ocr_line' id='line_1_41' title="bbox 150 4391 1216 4464; baseline 0.005 -20"><span class='ocrx_word' id='word_1_309' title='bbox 150 4391 228 4444; x_wconf 86' lang='lat' dir='ltr'><strong>modo</strong></span> <span class='ocrx_word' id='word_1_310' title='bbox 244 4391 293 4444; x_wconf 79' lang='lat' dir='ltr'><strong>cub</strong></span> <span class='ocrx_word' id='word_1_311' title='bbox 311 4392 394 4446; x_wconf 75' lang='lat' dir='ltr'><strong>lodice</strong></span> <span class='ocrx_word' id='word_1_312' title='bbox 411 4393 518 4448; x_wconf 75' lang='lat' dir='ltr'><strong>relictio·</strong></span> <span class='ocrx_word' id='word_1_313' title='bbox 535 4393 625 4456; x_wconf 76' lang='lat' dir='ltr'><strong>Uteris</strong></span> <span class='ocrx_word' id='word_1_314' title='bbox 642 4393 671 4446; x_wconf 79' lang='lat' dir='ltr'><strong>a&#39;n</strong></span> <span class='ocrx_word' id='word_1_315' title='bbox 690 4396 774 4447; x_wconf 78' lang='lat' dir='ltr'><strong>turba.</strong></span> <span class='ocrx_word' id='word_1_316' title='bbox 811 4393 848 4450; x_wconf 85' lang='lat' dir='ltr'><strong>So</strong></span> <span class='ocrx_word' id='word_1_317' title='bbox 868 4393 909 4450; x_wconf 81' lang='lat' dir='ltr'><strong>ost</strong></span> <span class='ocrx_word' id='word_1_318' title='bbox 927 4393 1022 4450; x_wconf 81' lang='lat' dir='ltr'><strong>solche</strong></span> <span class='ocrx_word' id='word_1_319' title='bbox 1039 4394 1216 4464; x_wconf 66' lang='lat' dir='ltr'><strong>griechischen</strong></span> 
     </span>
    </p>
   </div>
   <div class='ocr_carea' id='block_1_8' title="bbox 133 4499 1008 4556">
    <p class='ocr_par' dir='ltr' id='par_1_21' title="bbox 133 4499 1008 4556">
     <span class='ocr_line' id='line_1_42' title="bbox 133 4499 1008 4556; baseline -0.005 -4"><span class='ocrx_word' id='word_1_320' title='bbox 133 4511 229 4552; x_wconf 82' lang='lat' dir='ltr'><strong>Juvenal</strong></span> <span class='ocrx_word' id='word_1_321' title='bbox 243 4511 262 4556; x_wconf 87' lang='lat'><strong>1.</strong></span> <span class='ocrx_word' id='word_1_322' title='bbox 976 4499 1008 4549; x_wconf 79' lang='lat'><strong>20</strong></span> 
     </span>
    </p>
   </div>
   <div class='ocr_carea' id='block_1_9' title="bbox 0 0 1642 5314">
    <p class='ocr_par' dir='ltr' id='par_1_22' title="bbox 0 0 1642 5314">
     <span class='ocr_line' id='line_1_43' title="bbox 0 0 1642 5314; baseline 0 0"><span class='ocrx_word' id='word_1_323' title='bbox 0 0 1642 5314; x_wconf 95' lang='lat' dir='ltr'><strong> </strong></span> 
     </span>
    </p>
   </div>
  </div>
 </body>
</html>
