3214 5314
448 431 531 486 Liber
549 431 661 500 primus.
698 431 799 487 Satura
816 431 850 503 V.

171 619 247 685 spes
270 603 354 668 bene
379 602 517 669 cenandi
540 622 597 669 vos
621 602 748 686 decipit.
793 597 881 669 ‘ecee
904 602 994 668 dabit
1015 602 1080 666 iam

172 733 332 780 semesum
355 716 497 798 leporem
520 722 617 798 atque
640 714 766 797 aliquid
788 714 828 780 de
851 715 999 780 clunibus
1023 715 1101 796 apri,

172 827 216 892 ad
234 845 299 904 ¹nos
320 829 385 893 iam
409 828 518 893 veniet
539 829 643 893 minor
666 820 788 893 altilis.²
830 827 907 892 inde
930 833 1043 910 parato

169 938 356 1024 intactoque
379 959 489 1006 omnes
513 945 546 1005 et
568 941 676 1005 stricto
699 959 783 1022 pane
805 940 929 1005 tacetis.

80 1058 147 1114 170
171 1051 229 1116 ills
252 1053 338 1135 sapit
360 1051 416 1136 qui
437 1059 470 1118 te
493 1052 540 1116 sio
563 1052 672 1116 utitur.
718 1053 825 1117 omnia
848 1051 932 1116 ferre

171 1162 201 1228 si
224 1171 324 1246 potes,
350 1170 382 1229 et
404 1163 515 1229 debes.
561 1163 756 1247 pulsandum
778 1164 899 1229 vertice
921 1181 995 1228 raso

169 1276 345 1358 praebebis
368 1275 562 1357 quandoque
586 1282 684 1358 eaput
705 1294 766 1341 nee
789 1274 872 1340 dura
893 1275 1022 1340 timebis

170 1385 276 1470 flagra
297 1387 375 1471 pati,
401 1387 451 1452 his
474 1387 581 1471 epulis
604 1393 637 1453 et
658 1386 717 1453 tali
740 1386 858 1471 dignus
881 1389 993 1453 amico.

191 1544 247 1594 169.
283 1542 384 1598 innotis
403 1543 430 1596 P
439 1546 562 1612 fortasse
579 1547 649 1596 rocio
666 1543 752 1604 (Beer
764 1559 794 1611 p.
808 1545 853 1604 67)
872 1542 918 1597 vel
937 1542 1040 1598 tacetis
1057 1559 1155 1612 marqo.

153 1680 212 1731 168.
234 1681 290 1731 169.
326 1681 360 1735 In
378 1679 428 1735 der
438 1681 606 1749 Erwartung
624 1680 674 1736 dos
686 1681 805 1735 Bratsns
817 1679 913 1735 halten
925 1681 967 1735 sie
980 1679 1030 1734 das
1042 1679 1214 1734 unbsriihrte

75 1766 151 1820 Brot
175 1765 279 1833 boreis,
302 1767 356 1821 wie
380 1766 429 1820 der
448 1765 548 1821 Soldat
566 1767 616 1821 das
634 1781 777 1836 gezogens
795 1765 921 1821 Schwert
938 1782 999 1820 zum
1016 1763 1127 1833 Kampf.
1163 1764 1211 1819 Ov.

75 1851 258 1918 Am.16‚14
276 1869 333 1908 non
351 1853 438 1906 timeo
456 1853 570 1908 strictas
588 1853 618 1906 in
636 1868 698 1908 mea
715 1851 775 1906 fata
792 1867 898 1906 manus.

152 1940 211 1990 171.
227 1940 282 1990 172.
302 1939 465 2008 pulsandum
477 1938 573 1992 vertice
584 1957 645 1991 raso
655 1937 797 1992 Praebebis
809 1936 963 2007 quandoque
975 1942 1061 2007 caput.
1080 1936 1213 2001 Quando·

77 2041 135 2093 que
159 2041 196 2079 zu
215 2027 238 2092 2,
252 2027 292 2078 82.
328 2024 427 2080 Glsich
449 2025 512 2079 dem
534 2025 665 2093 stupidus
688 2023 756 2079 oder
778 2025 932 2093 parasitus,
960 2025 1037 2079 einer
1059 2022 1213 2079 stshsndsn

76 2111 168 2166 Rolle
193 2111 231 2164 im
252 2113 366 2177 mimus,
390 2110 439 2166 der
462 2111 514 2164 mit
536 2109 603 2165 kahl
625 2110 825 2179 geschorsnem
843 2109 923 2179 Kopf
943 2109 1049 2164 auftrst
1069 2107 1127 2164 und
1144 2107 1212 2162 fort-

75 2196 217 2252 w‘shrsnd
234 2196 384 2266 gepriigslt
401 2196 504 2251 wurde.
529 2195 593 2264 Vgl.
607 2198 631 2262 8,
646 2199 733 2250 19211.
747 2195 813 2251 stv.
827 2196 871 2250 III
885 2199 942 2263 550,
955 2199 979 2247 4.
1008 2195 1060 2251 SG.
1074 2195 1103 2248 ΙΙ
1116 2195 1175 2260 438,
1188 2196 1211 2245 3.
